@book{Carroll_Ostlie_2017, place={Cambridge}, edition={2}, title={An Introduction to Modern Astrophysics}, publisher={Cambridge University Press}, author={Carroll, Bradley W. and Ostlie, Dale A.}, year={2017}} 

@book{Clayton,
    author    = "Clayton, Donald",
    title     = "Principles of Stellar Evolution and Nucleosynthesis",
    year      = "1968",
    publisher = "McGraw-Hill"
}

@BOOK{Kippenhahn,
       author = {{Kippenhahn}, Rudolf and {Weigert}, Alfred and {Weiss}, Achim},
        title = "{Stellar Structure and Evolution}",
         year = 2013,
          doi = {10.1007/978-3-642-30304-3},
       adsurl = {https://ui.adsabs.harvard.edu/abs/2013sse..book.....K},
      adsnote = {Provided by the SAO/NASA Astrophysics Data System}
}

@book{Prialnik,
    author    = "Prialnik, Dina",
    title     = "An Introduction to the Theory of Stellar Structure and Evolution",
    year      = "2000",
    publisher = "Cambridge University Press"
}

@book{Eggleton,
    author    = "Eggleton, Peter",
    title     = "Evolutionary Processes in Binary and Multiple Stars",
    year      = "2006",
    publisher = "Cambridge University Press"
}

@article{spruit:semiconvection,
	author = {{Spruit, H. C.}},
	title = {Semiconvection: theory},
	DOI= "10.1051/0004-6361/201220575",
	url= "https://doi.org/10.1051/0004-6361/201220575",
	journal = {A\&A},
	year = 2013,
	volume = 552,
	pages = "A76",
	month = "",
}

@ARTICLE{israelian:ssr99,
       author = {{Israelian}, G. and {de Groot}, M.},
        title = "{P Cygni: An Extraordinary Luminous Blue Variable}",
      journal = {Space Science Reviews},
     keywords = {Astrophysics},
         year = 1999,
        month = oct,
       volume = {90},
        pages = {493-522},
          doi = {10.1023/A:1005223314464},
archivePrefix = {arXiv},
       eprint = {astro-ph/9908309},
 primaryClass = {astro-ph},
       adsurl = {https://ui.adsabs.harvard.edu/abs/1999SSRv...90..493I},
      adsnote = {Provided by the SAO/NASA Astrophysics Data System}
}

@ARTICLE{EHT:M87,
       author = {{Event Horizon Telescope Collaboration} and {Akiyama}, Kazunori and {Alberdi}, Antxon and {Alef}, Walter and {Asada}, Keiichi and {Azulay}, Rebecca and {Baczko}, Anne-Kathrin and {Ball}, David and {Balokovi{\'c}}, Mislav and {Barrett}, John and {Bintley}, Dan and {Blackburn}, Lindy and {Boland}, Wilfred and {Bouman}, Katherine L. and {Bower}, Geoffrey C. and {Bremer}, Michael and {Brinkerink}, Christiaan D. and {Brissenden}, Roger and {Britzen}, Silke and {Broderick}, Avery E. and {Broguiere}, Dominique and {Bronzwaer}, Thomas and {Byun}, Do-Young and {Carlstrom}, John E. and {Chael}, Andrew and {Chan}, Chi-kwan and {Chatterjee}, Shami and {Chatterjee}, Koushik and {Chen}, Ming-Tang and {Chen}, Yongjun and {Cho}, Ilje and {Christian}, Pierre and {Conway}, John E. and {Cordes}, James M. and {Crew}, Geoffrey B. and {Cui}, Yuzhu and {Davelaar}, Jordy and {De Laurentis}, Mariafelicia and {Deane}, Roger and {Dempsey}, Jessica and {Desvignes}, Gregory and {Dexter}, Jason and {Doeleman}, Sheperd S. and {Eatough}, Ralph P. and {Falcke}, Heino and {Fish}, Vincent L. and {Fomalont}, Ed and {Fraga-Encinas}, Raquel and {Freeman}, William T. and {Friberg}, Per and {Fromm}, Christian M. and {G{\'o}mez}, Jos{\'e} L. and {Galison}, Peter and {Gammie}, Charles F. and {Garc{\'\i}a}, Roberto and {Gentaz}, Olivier and {Georgiev}, Boris and {Goddi}, Ciriaco and {Gold}, Roman and {Gu}, Minfeng and {Gurwell}, Mark and {Hada}, Kazuhiro and {Hecht}, Michael H. and {Hesper}, Ronald and {Ho}, Luis C. and {Ho}, Paul and {Honma}, Mareki and {Huang}, Chih-Wei L. and {Huang}, Lei and {Hughes}, David H. and {Ikeda}, Shiro and {Inoue}, Makoto and {Issaoun}, Sara and {James}, David J. and {Jannuzi}, Buell T. and {Janssen}, Michael and {Jeter}, Britton and {Jiang}, Wu and {Johnson}, Michael D. and {Jorstad}, Svetlana and {Jung}, Taehyun and {Karami}, Mansour and {Karuppusamy}, Ramesh and {Kawashima}, Tomohisa and {Keating}, Garrett K. and {Kettenis}, Mark and {Kim}, Jae-Young and {Kim}, Junhan and {Kim}, Jongsoo and {Kino}, Motoki and {Koay}, Jun Yi and {Koch}, Patrick M. and {Koyama}, Shoko and {Kramer}, Michael and {Kramer}, Carsten and {Krichbaum}, Thomas P. and {Kuo}, Cheng-Yu and {Lauer}, Tod R. and {Lee}, Sang-Sung and {Li}, Yan-Rong and {Li}, Zhiyuan and {Lindqvist}, Michael and {Liu}, Kuo and {Liuzzo}, Elisabetta and {Lo}, Wen-Ping and {Lobanov}, Andrei P. and {Loinard}, Laurent and {Lonsdale}, Colin and {Lu}, Ru-Sen and {MacDonald}, Nicholas R. and {Mao}, Jirong and {Markoff}, Sera and {Marrone}, Daniel P. and {Marscher}, Alan P. and {Mart{\'\i}-Vidal}, Iv{\'a}n and {Matsushita}, Satoki and {Matthews}, Lynn D. and {Medeiros}, Lia and {Menten}, Karl M. and {Mizuno}, Yosuke and {Mizuno}, Izumi and {Moran}, James M. and {Moriyama}, Kotaro and {Moscibrodzka}, Monika and {M{\"u}ller}, Cornelia and {Nagai}, Hiroshi and {Nagar}, Neil M. and {Nakamura}, Masanori and {Narayan}, Ramesh and {Narayanan}, Gopal and {Natarajan}, Iniyan and {Neri}, Roberto and {Ni}, Chunchong and {Noutsos}, Aristeidis and {Okino}, Hiroki and {Olivares}, H{\'e}ctor and {Ortiz-Le{\'o}n}, Gisela N. and {Oyama}, Tomoaki and {{\"O}zel}, Feryal and {Palumbo}, Daniel C.~M. and {Patel}, Nimesh and {Pen}, Ue-Li and {Pesce}, Dominic W. and {Pi{\'e}tu}, Vincent and {Plambeck}, Richard and {PopStefanija}, Aleksandar and {Porth}, Oliver and {Prather}, Ben and {Preciado-L{\'o}pez}, Jorge A. and {Psaltis}, Dimitrios and {Pu}, Hung-Yi and {Ramakrishnan}, Venkatessh and {Rao}, Ramprasad and {Rawlings}, Mark G. and {Raymond}, Alexander W. and {Rezzolla}, Luciano and {Ripperda}, Bart and {Roelofs}, Freek and {Rogers}, Alan and {Ros}, Eduardo and {Rose}, Mel and {Roshanineshat}, Arash and {Rottmann}, Helge and {Roy}, Alan L. and {Ruszczyk}, Chet and {Ryan}, Benjamin R. and {Rygl}, Kazi L.~J. and {S{\'a}nchez}, Salvador and {S{\'a}nchez-Arguelles}, David and {Sasada}, Mahito and {Savolainen}, Tuomas and {Schloerb}, F. Peter and {Schuster}, Karl-Friedrich and {Shao}, Lijing and {Shen}, Zhiqiang and {Small}, Des and {Sohn}, Bong Won and {SooHoo}, Jason and {Tazaki}, Fumie and {Tiede}, Paul and {Tilanus}, Remo P.~J. and {Titus}, Michael and {Toma}, Kenji and {Torne}, Pablo and {Trent}, Tyler and {Trippe}, Sascha and {Tsuda}, Shuichiro and {van Bemmel}, Ilse and {van Langevelde}, Huib Jan and {van Rossum}, Daniel R. and {Wagner}, Jan and {Wardle}, John and {Weintroub}, Jonathan and {Wex}, Norbert and {Wharton}, Robert and {Wielgus}, Maciek and {Wong}, George N. and {Wu}, Qingwen and {Young}, Ken and {Young}, Andr{\'e} and {Younsi}, Ziri and {Yuan}, Feng and {Yuan}, Ye-Fei and {Zensus}, J. Anton and {Zhao}, Guangyao and {Zhao}, Shan-Shan and {Zhu}, Ziyan and {Algaba}, Juan-Carlos and {Allardi}, Alexander and {Amestica}, Rodrigo and {Anczarski}, Jadyn and {Bach}, Uwe and {Baganoff}, Frederick K. and {Beaudoin}, Christopher and {Benson}, Bradford A. and {Berthold}, Ryan and {Blanchard}, Jay M. and {Blundell}, Ray and {Bustamente}, Sandra and {Cappallo}, Roger and {Castillo-Dom{\'\i}nguez}, Edgar and {Chang}, Chih-Cheng and {Chang}, Shu-Hao and {Chang}, Song-Chu and {Chen}, Chung-Chen and {Chilson}, Ryan and {Chuter}, Tim C. and {C{\'o}rdova Rosado}, Rodrigo and {Coulson}, Iain M. and {Crawford}, Thomas M. and {Crowley}, Joseph and {David}, John and {Derome}, Mark and {Dexter}, Matthew and {Dornbusch}, Sven and {Dudevoir}, Kevin A. and {Dzib}, Sergio A. and {Eckart}, Andreas and {Eckert}, Chris and {Erickson}, Neal R. and {Everett}, Wendeline B. and {Faber}, Aaron and {Farah}, Joseph R. and {Fath}, Vernon and {Folkers}, Thomas W. and {Forbes}, David C. and {Freund}, Robert and {G{\'o}mez-Ruiz}, Arturo I. and {Gale}, David M. and {Gao}, Feng and {Geertsema}, Gertie and {Graham}, David A. and {Greer}, Christopher H. and {Grosslein}, Ronald and {Gueth}, Fr{\'e}d{\'e}ric and {Haggard}, Daryl and {Halverson}, Nils W. and {Han}, Chih-Chiang and {Han}, Kuo-Chang and {Hao}, Jinchi and {Hasegawa}, Yutaka and {Henning}, Jason W. and {Hern{\'a}ndez-G{\'o}mez}, Antonio and {Herrero-Illana}, Rub{\'e}n and {Heyminck}, Stefan and {Hirota}, Akihiko and {Hoge}, James and {Huang}, Yau-De and {Impellizzeri}, C.~M. Violette and {Jiang}, Homin and {Kamble}, Atish and {Keisler}, Ryan and {Kimura}, Kimihiro and {Kono}, Yusuke and {Kubo}, Derek and {Kuroda}, John and {Lacasse}, Richard and {Laing}, Robert A. and {Leitch}, Erik M. and {Li}, Chao-Te and {Lin}, Lupin C. -C. and {Liu}, Ching-Tang and {Liu}, Kuan-Yu and {Lu}, Li-Ming and {Marson}, Ralph G. and {Martin-Cocher}, Pierre L. and {Massingill}, Kyle D. and {Matulonis}, Callie and {McColl}, Martin P. and {McWhirter}, Stephen R. and {Messias}, Hugo and {Meyer-Zhao}, Zheng and {Michalik}, Daniel and {Monta{\~n}a}, Alfredo and {Montgomerie}, William and {Mora-Klein}, Matias and {Muders}, Dirk and {Nadolski}, Andrew and {Navarro}, Santiago and {Neilsen}, Joseph and {Nguyen}, Chi H. and {Nishioka}, Hiroaki and {Norton}, Timothy and {Nowak}, Michael A. and {Nystrom}, George and {Ogawa}, Hideo and {Oshiro}, Peter and {Oyama}, Tomoaki and {Parsons}, Harriet and {Paine}, Scott N. and {Pe{\~n}alver}, Juan and {Phillips}, Neil M. and {Poirier}, Michael and {Pradel}, Nicolas and {Primiani}, Rurik A. and {Raffin}, Philippe A. and {Rahlin}, Alexandra S. and {Reiland}, George and {Risacher}, Christopher and {Ruiz}, Ignacio and {S{\'a}ez-Mada{\'\i}n}, Alejandro F. and {Sassella}, Remi and {Schellart}, Pim and {Shaw}, Paul and {Silva}, Kevin M. and {Shiokawa}, Hotaka and {Smith}, David R. and {Snow}, William and {Souccar}, Kamal and {Sousa}, Don and {Sridharan}, T.~K. and {Srinivasan}, Ranjani and {Stahm}, William and {Stark}, Anthony A. and {Story}, Kyle and {Timmer}, Sjoerd T. and {Vertatschitsch}, Laura and {Walther}, Craig and {Wei}, Ta-Shun and {Whitehorn}, Nathan and {Whitney}, Alan R. and {Woody}, David P. and {Wouterloot}, Jan G.~A. and {Wright}, Melvin and {Yamaguchi}, Paul and {Yu}, Chen-Yu and {Zeballos}, Milagros and {Zhang}, Shuo and {Ziurys}, Lucy},
        title = "{First M87 Event Horizon Telescope Results. I. The Shadow of the Supermassive Black Hole}",
      journal = {apjl},
     keywords = {accretion, accretion disks, black hole physics, galaxies: active, galaxies: individual: M87, galaxies: jets, gravitation, Astrophysics - Astrophysics of Galaxies, Astrophysics - High Energy Astrophysical Phenomena, General Relativity and Quantum Cosmology},
         year = 2019,
        month = apr,
       volume = {875},
       number = {1},
          eid = {L1},
        pages = {L1},
          doi = {10.3847/2041-8213/ab0ec7},
archivePrefix = {arXiv},
       eprint = {1906.11238},
 primaryClass = {astro-ph.GA},
       adsurl = {https://ui.adsabs.harvard.edu/abs/2019ApJ...875L...1E},
      adsnote = {Provided by the SAO/NASA Astrophysics Data System}
}

@article{LIGO:BHmerger,
  title = {Observation of Gravitational Waves from a Binary Black Hole Merger},
  author = {Abbott, B. P. and Abbott, R. and Abbott, T. D. and Abernathy, M. R. and Acernese, F. and Ackley, K. and Adams, C. and Adams, T. and Addesso, P. and Adhikari, R. X. and Adya, V. B. and Affeldt, C. and Agathos, M. and Agatsuma, K. and Aggarwal, N. and Aguiar, O. D. and Aiello, L. and Ain, A. and Ajith, P. and Allen, B. and Allocca, A. and Altin, P. A. and Anderson, S. B. and Anderson, W. G. and Arai, K. and Arain, M. A. and Araya, M. C. and Arceneaux, C. C. and Areeda, J. S. and Arnaud, N. and Arun, K. G. and Ascenzi, S. and Ashton, G. and Ast, M. and Aston, S. M. and Astone, P. and Aufmuth, P. and Aulbert, C. and Babak, S. and Bacon, P. and Bader, M. K. M. and Baker, P. T. and Baldaccini, F. and Ballardin, G. and Ballmer, S. W. and Barayoga, J. C. and Barclay, S. E. and Barish, B. C. and Barker, D. and Barone, F. and Barr, B. and Barsotti, L. and Barsuglia, M. and Barta, D. and Bartlett, J. and Barton, M. A. and Bartos, I. and Bassiri, R. and Basti, A. and Batch, J. C. and Baune, C. and Bavigadda, V. and Bazzan, M. and Behnke, B. and Bejger, M. and Belczynski, C. and Bell, A. S. and Bell, C. J. and Berger, B. K. and Bergman, J. and Bergmann, G. and Berry, C. P. L. and Bersanetti, D. and Bertolini, A. and Betzwieser, J. and Bhagwat, S. and Bhandare, R. and Bilenko, I. A. and Billingsley, G. and Birch, J. and Birney, R. and Birnholtz, O. and Biscans, S. and Bisht, A. and Bitossi, M. and Biwer, C. and Bizouard, M. A. and Blackburn, J. K. and Blair, C. D. and Blair, D. G. and Blair, R. M. and Bloemen, S. and Bock, O. and Bodiya, T. P. and Boer, M. and Bogaert, G. and Bogan, C. and Bohe, A. and Bojtos, P. and Bond, C. and Bondu, F. and Bonnand, R. and Boom, B. A. and Bork, R. and Boschi, V. and Bose, S. and Bouffanais, Y. and Bozzi, A. and Bradaschia, C. and Brady, P. R. and Braginsky, V. B. and Branchesi, M. and Brau, J. E. and Briant, T. and Brillet, A. and Brinkmann, M. and Brisson, V. and Brockill, P. and Brooks, A. F. and Brown, D. A. and Brown, D. D. and Brown, N. M. and Buchanan, C. C. and Buikema, A. and Bulik, T. and Bulten, H. J. and Buonanno, A. and Buskulic, D. and Buy, C. and Byer, R. L. and Cabero, M. and Cadonati, L. and Cagnoli, G. and Cahillane, C. and Bustillo, J. Calder\'on and Callister, T. and Calloni, E. and Camp, J. B. and Cannon, K. C. and Cao, J. and Capano, C. D. and Capocasa, E. and Carbognani, F. and Caride, S. and Diaz, J. Casanueva and Casentini, C. and Caudill, S. and Cavagli\`a, M. and Cavalier, F. and Cavalieri, R. and Cella, G. and Cepeda, C. B. and Baiardi, L. Cerboni and Cerretani, G. and Cesarini, E. and Chakraborty, R. and Chalermsongsak, T. and Chamberlin, S. J. and Chan, M. and Chao, S. and Charlton, P. and Chassande-Mottin, E. and Chen, H. Y. and Chen, Y. and Cheng, C. and Chincarini, A. and Chiummo, A. and Cho, H. S. and Cho, M. and Chow, J. H. and Christensen, N. and Chu, Q. and Chua, S. and Chung, S. and Ciani, G. and Clara, F. and Clark, J. A. and Cleva, F. and Coccia, E. and Cohadon, P.-F. and Colla, A. and Collette, C. G. and Cominsky, L. and Constancio, M. and Conte, A. and Conti, L. and Cook, D. and Corbitt, T. R. and Cornish, N. and Corsi, A. and Cortese, S. and Costa, C. A. and Coughlin, M. W. and Coughlin, S. B. and Coulon, J.-P. and Countryman, S. T. and Couvares, P. and Cowan, E. E. and Coward, D. M. and Cowart, M. J. and Coyne, D. C. and Coyne, R. and Craig, K. and Creighton, J. D. E. and Creighton, T. D. and Cripe, J. and Crowder, S. G. and Cruise, A. M. and Cumming, A. and Cunningham, L. and Cuoco, E. and Canton, T. Dal and Danilishin, S. L. and D'Antonio, S. and Danzmann, K. and Darman, N. S. and Da Silva Costa, C. F. and Dattilo, V. and Dave, I. and Daveloza, H. P. and Davier, M. and Davies, G. S. and Daw, E. J. and Day, R. and De, S. and DeBra, D. and Debreczeni, G. and Degallaix, J. and De Laurentis, M. and Del\'eglise, S. and Del Pozzo, W. and Denker, T. and Dent, T. and Dereli, H. and Dergachev, V. and DeRosa, R. T. and De Rosa, R. and DeSalvo, R. and Dhurandhar, S. and D\'{\i}az, M. C. and Di Fiore, L. and Di Giovanni, M. and Di Lieto, A. and Di Pace, S. and Di Palma, I. and Di Virgilio, A. and Dojcinoski, G. and Dolique, V. and Donovan, F. and Dooley, K. L. and Doravari, S. and Douglas, R. and Downes, T. P. and Drago, M. and Drever, R. W. P. and Driggers, J. C. and Du, Z. and Ducrot, M. and Dwyer, S. E. and Edo, T. B. and Edwards, M. C. and Effler, A. and Eggenstein, H.-B. and Ehrens, P. and Eichholz, J. and Eikenberry, S. S. and Engels, W. and Essick, R. C. and Etzel, T. and Evans, M. and Evans, T. M. and Everett, R. and Factourovich, M. and Fafone, V. and Fair, H. and Fairhurst, S. and Fan, X. and Fang, Q. and Farinon, S. and Farr, B. and Farr, W. M. and Favata, M. and Fays, M. and Fehrmann, H. and Fejer, M. M. and Feldbaum, D. and Ferrante, I. and Ferreira, E. C. and Ferrini, F. and Fidecaro, F. and Finn, L. S. and Fiori, I. and Fiorucci, D. and Fisher, R. P. and Flaminio, R. and Fletcher, M. and Fong, H. and Fournier, J.-D. and Franco, S. and Frasca, S. and Frasconi, F. and Frede, M. and Frei, Z. and Freise, A. and Frey, R. and Frey, V. and Fricke, T. T. and Fritschel, P. and Frolov, V. V. and Fulda, P. and Fyffe, M. and Gabbard, H. A. G. and Gair, J. R. and Gammaitoni, L. and Gaonkar, S. G. and Garufi, F. and Gatto, A. and Gaur, G. and Gehrels, N. and Gemme, G. and Gendre, B. and Genin, E. and Gennai, A. and George, J. and Gergely, L. and Germain, V. and Ghosh, Abhirup and Ghosh, Archisman and Ghosh, S. and Giaime, J. A. and Giardina, K. D. and Giazotto, A. and Gill, K. and Glaefke, A. and Gleason, J. R. and Goetz, E. and Goetz, R. and Gondan, L. and Gonz\'alez, G. and Castro, J. M. Gonzalez and Gopakumar, A. and Gordon, N. A. and Gorodetsky, M. L. and Gossan, S. E. and Gosselin, M. and Gouaty, R. and Graef, C. and Graff, P. B. and Granata, M. and Grant, A. and Gras, S. and Gray, C. and Greco, G. and Green, A. C. and Greenhalgh, R. J. S. and Groot, P. and Grote, H. and Grunewald, S. and Guidi, G. M. and Guo, X. and Gupta, A. and Gupta, M. K. and Gushwa, K. E. and Gustafson, E. K. and Gustafson, R. and Hacker, J. J. and Hall, B. R. and Hall, E. D. and Hammond, G. and Haney, M. and Hanke, M. M. and Hanks, J. and Hanna, C. and Hannam, M. D. and Hanson, J. and Hardwick, T. and Harms, J. and Harry, G. M. and Harry, I. W. and Hart, M. J. and Hartman, M. T. and Haster, C.-J. and Haughian, K. and Healy, J. and Heefner, J. and Heidmann, A. and Heintze, M. C. and Heinzel, G. and Heitmann, H. and Hello, P. and Hemming, G. and Hendry, M. and Heng, I. S. and Hennig, J. and Heptonstall, A. W. and Heurs, M. and Hild, S. and Hoak, D. and Hodge, K. A. and Hofman, D. and Hollitt, S. E. and Holt, K. and Holz, D. E. and Hopkins, P. and Hosken, D. J. and Hough, J. and Houston, E. A. and Howell, E. J. and Hu, Y. M. and Huang, S. and Huerta, E. A. and Huet, D. and Hughey, B. and Husa, S. and Huttner, S. H. and Huynh-Dinh, T. and Idrisy, A. and Indik, N. and Ingram, D. R. and Inta, R. and Isa, H. N. and Isac, J.-M. and Isi, M. and Islas, G. and Isogai, T. and Iyer, B. R. and Izumi, K. and Jacobson, M. B. and Jacqmin, T. and Jang, H. and Jani, K. and Jaranowski, P. and Jawahar, S. and Jim\'enez-Forteza, F. and Johnson, W. W. and Johnson-McDaniel, N. K. and Jones, D. I. and Jones, R. and Jonker, R. J. G. and Ju, L. and Haris, K. and Kalaghatgi, C. V. and Kalogera, V. and Kandhasamy, S. and Kang, G. and Kanner, J. B. and Karki, S. and Kasprzack, M. and Katsavounidis, E. and Katzman, W. and Kaufer, S. and Kaur, T. and Kawabe, K. and Kawazoe, F. and K\'ef\'elian, F. and Kehl, M. S. and Keitel, D. and Kelley, D. B. and Kells, W. and Kennedy, R. and Keppel, D. G. and Key, J. S. and Khalaidovski, A. and Khalili, F. Y. and Khan, I. and Khan, S. and Khan, Z. and Khazanov, E. A. and Kijbunchoo, N. and Kim, C. and Kim, J. and Kim, K. and Kim, Nam-Gyu and Kim, Namjun and Kim, Y.-M. and King, E. J. and King, P. J. and Kinzel, D. L. and Kissel, J. S. and Kleybolte, L. and Klimenko, S. and Koehlenbeck, S. M. and Kokeyama, K. and Koley, S. and Kondrashov, V. and Kontos, A. and Koranda, S. and Korobko, M. and Korth, W. Z. and Kowalska, I. and Kozak, D. B. and Kringel, V. and Krishnan, B. and Kr\'olak, A. and Krueger, C. and Kuehn, G. and Kumar, P. and Kumar, R. and Kuo, L. and Kutynia, A. and Kwee, P. and Lackey, B. D. and Landry, M. and Lange, J. and Lantz, B. and Lasky, P. D. and Lazzarini, A. and Lazzaro, C. and Leaci, P. and Leavey, S. and Lebigot, E. O. and Lee, C. H. and Lee, H. K. and Lee, H. M. and Lee, K. and Lenon, A. and Leonardi, M. and Leong, J. R. and Leroy, N. and Letendre, N. and Levin, Y. and Levine, B. M. and Li, T. G. F. and Libson, A. and Littenberg, T. B. and Lockerbie, N. A. and Logue, J. and Lombardi, A. L. and London, L. T. and Lord, J. E. and Lorenzini, M. and Loriette, V. and Lormand, M. and Losurdo, G. and Lough, J. D. and Lousto, C. O. and Lovelace, G. and L\"uck, H. and Lundgren, A. P. and Luo, J. and Lynch, R. and Ma, Y. and MacDonald, T. and Machenschalk, B. and MacInnis, M. and Macleod, D. M. and Maga\~na-Sandoval, F. and Magee, R. M. and Mageswaran, M. and Majorana, E. and Maksimovic, I. and Malvezzi, V. and Man, N. and Mandel, I. and Mandic, V. and Mangano, V. and Mansell, G. L. and Manske, M. and Mantovani, M. and Marchesoni, F. and Marion, F. and M\'arka, S. and M\'arka, Z. and Markosyan, A. S. and Maros, E. and Martelli, F. and Martellini, L. and Martin, I. W. and Martin, R. M. and Martynov, D. V. and Marx, J. N. and Mason, K. and Masserot, A. and Massinger, T. J. and Masso-Reid, M. and Matichard, F. and Matone, L. and Mavalvala, N. and Mazumder, N. and Mazzolo, G. and McCarthy, R. and McClelland, D. E. and McCormick, S. and McGuire, S. C. and McIntyre, G. and McIver, J. and McManus, D. J. and McWilliams, S. T. and Meacher, D. and Meadors, G. D. and Meidam, J. and Melatos, A. and Mendell, G. and Mendoza-Gandara, D. and Mercer, R. A. and Merilh, E. and Merzougui, M. and Meshkov, S. and Messenger, C. and Messick, C. and Meyers, P. M. and Mezzani, F. and Miao, H. and Michel, C. and Middleton, H. and Mikhailov, E. E. and Milano, L. and Miller, J. and Millhouse, M. and Minenkov, Y. and Ming, J. and Mirshekari, S. and Mishra, C. and Mitra, S. and Mitrofanov, V. P. and Mitselmakher, G. and Mittleman, R. and Moggi, A. and Mohan, M. and Mohapatra, S. R. P. and Montani, M. and Moore, B. C. and Moore, C. J. and Moraru, D. and Moreno, G. and Morriss, S. R. and Mossavi, K. and Mours, B. and Mow-Lowry, C. M. and Mueller, C. L. and Mueller, G. and Muir, A. W. and Mukherjee, Arunava and Mukherjee, D. and Mukherjee, S. and Mukund, N. and Mullavey, A. and Munch, J. and Murphy, D. J. and Murray, P. G. and Mytidis, A. and Nardecchia, I. and Naticchioni, L. and Nayak, R. K. and Necula, V. and Nedkova, K. and Nelemans, G. and Neri, M. and Neunzert, A. and Newton, G. and Nguyen, T. T. and Nielsen, A. B. and Nissanke, S. and Nitz, A. and Nocera, F. and Nolting, D. and Normandin, M. E. N. and Nuttall, L. K. and Oberling, J. and Ochsner, E. and O'Dell, J. and Oelker, E. and Ogin, G. H. and Oh, J. J. and Oh, S. H. and Ohme, F. and Oliver, M. and Oppermann, P. and Oram, Richard J. and O'Reilly, B. and O'Shaughnessy, R. and Ott, C. D. and Ottaway, D. J. and Ottens, R. S. and Overmier, H. and Owen, B. J. and Pai, A. and Pai, S. A. and Palamos, J. R. and Palashov, O. and Palomba, C. and Pal-Singh, A. and Pan, H. and Pan, Y. and Pankow, C. and Pannarale, F. and Pant, B. C. and Paoletti, F. and Paoli, A. and Papa, M. A. and Paris, H. R. and Parker, W. and Pascucci, D. and Pasqualetti, A. and Passaquieti, R. and Passuello, D. and Patricelli, B. and Patrick, Z. and Pearlstone, B. L. and Pedraza, M. and Pedurand, R. and Pekowsky, L. and Pele, A. and Penn, S. and Perreca, A. and Pfeiffer, H. P. and Phelps, M. and Piccinni, O. and Pichot, M. and Pickenpack, M. and Piergiovanni, F. and Pierro, V. and Pillant, G. and Pinard, L. and Pinto, I. M. and Pitkin, M. and Poeld, J. H. and Poggiani, R. and Popolizio, P. and Post, A. and Powell, J. and Prasad, J. and Predoi, V. and Premachandra, S. S. and Prestegard, T. and Price, L. R. and Prijatelj, M. and Principe, M. and Privitera, S. and Prix, R. and Prodi, G. A. and Prokhorov, L. and Puncken, O. and Punturo, M. and Puppo, P. and P\"urrer, M. and Qi, H. and Qin, J. and Quetschke, V. and Quintero, E. A. and Quitzow-James, R. and Raab, F. J. and Rabeling, D. S. and Radkins, H. and Raffai, P. and Raja, S. and Rakhmanov, M. and Ramet, C. R. and Rapagnani, P. and Raymond, V. and Razzano, M. and Re, V. and Read, J. and Reed, C. M. and Regimbau, T. and Rei, L. and Reid, S. and Reitze, D. H. and Rew, H. and Reyes, S. D. and Ricci, F. and Riles, K. and Robertson, N. A. and Robie, R. and Robinet, F. and Rocchi, A. and Rolland, L. and Rollins, J. G. and Roma, V. J. and Romano, J. D. and Romano, R. and Romanov, G. and Romie, J. H. and Rosi\ifmmode \acute{n}\else \'{n}\fi{}ska, D. and Rowan, S. and R\"udiger, A. and Ruggi, P. and Ryan, K. and Sachdev, S. and Sadecki, T. and Sadeghian, L. and Salconi, L. and Saleem, M. and Salemi, F. and Samajdar, A. and Sammut, L. and Sampson, L. M. and Sanchez, E. J. and Sandberg, V. and Sandeen, B. and Sanders, G. H. and Sanders, J. R. and Sassolas, B. and Sathyaprakash, B. S. and Saulson, P. R. and Sauter, O. and Savage, R. L. and Sawadsky, A. and Schale, P. and Schilling, R. and Schmidt, J. and Schmidt, P. and Schnabel, R. and Schofield, R. M. S. and Sch\"onbeck, A. and Schreiber, E. and Schuette, D. and Schutz, B. F. and Scott, J. and Scott, S. M. and Sellers, D. and Sengupta, A. S. and Sentenac, D. and Sequino, V. and Sergeev, A. and Serna, G. and Setyawati, Y. and Sevigny, A. and Shaddock, D. A. and Shaffer, T. and Shah, S. and Shahriar, M. S. and Shaltev, M. and Shao, Z. and Shapiro, B. and Shawhan, P. and Sheperd, A. and Shoemaker, D. H. and Shoemaker, D. M. and Siellez, K. and Siemens, X. and Sigg, D. and Silva, A. D. and Simakov, D. and Singer, A. and Singer, L. P. and Singh, A. and Singh, R. and Singhal, A. and Sintes, A. M. and Slagmolen, B. J. J. and Smith, J. R. and Smith, M. R. and Smith, N. D. and Smith, R. J. E. and Son, E. J. and Sorazu, B. and Sorrentino, F. and Souradeep, T. and Srivastava, A. K. and Staley, A. and Steinke, M. and Steinlechner, J. and Steinlechner, S. and Steinmeyer, D. and Stephens, B. C. and Stevenson, S. P. and Stone, R. and Strain, K. A. and Straniero, N. and Stratta, G. and Strauss, N. A. and Strigin, S. and Sturani, R. and Stuver, A. L. and Summerscales, T. Z. and Sun, L. and Sutton, P. J. and Swinkels, B. L. and Szczepa\ifmmode \acute{n}\else \'{n}\fi{}czyk, M. J. and Tacca, M. and Talukder, D. and Tanner, D. B. and T\'apai, M. and Tarabrin, S. P. and Taracchini, A. and Taylor, R. and Theeg, T. and Thirugnanasambandam, M. P. and Thomas, E. G. and Thomas, M. and Thomas, P. and Thorne, K. A. and Thorne, K. S. and Thrane, E. and Tiwari, S. and Tiwari, V. and Tokmakov, K. V. and Tomlinson, C. and Tonelli, M. and Torres, C. V. and Torrie, C. I. and T\"oyr\"a, D. and Travasso, F. and Traylor, G. and Trifir\`o, D. and Tringali, M. C. and Trozzo, L. and Tse, M. and Turconi, M. and Tuyenbayev, D. and Ugolini, D. and Unnikrishnan, C. S. and Urban, A. L. and Usman, S. A. and Vahlbruch, H. and Vajente, G. and Valdes, G. and Vallisneri, M. and van Bakel, N. and van Beuzekom, M. and van den Brand, J. F. J. and Van Den Broeck, C. and Vander-Hyde, D. C. and van der Schaaf, L. and van Heijningen, J. V. and van Veggel, A. A. and Vardaro, M. and Vass, S. and Vas\'uth, M. and Vaulin, R. and Vecchio, A. and Vedovato, G. and Veitch, J. and Veitch, P. J. and Venkateswara, K. and Verkindt, D. and Vetrano, F. and Vicer\'e, A. and Vinciguerra, S. and Vine, D. J. and Vinet, J.-Y. and Vitale, S. and Vo, T. and Vocca, H. and Vorvick, C. and Voss, D. and Vousden, W. D. and Vyatchanin, S. P. and Wade, A. R. and Wade, L. E. and Wade, M. and Waldman, S. J. and Walker, M. and Wallace, L. and Walsh, S. and Wang, G. and Wang, H. and Wang, M. and Wang, X. and Wang, Y. and Ward, H. and Ward, R. L. and Warner, J. and Was, M. and Weaver, B. and Wei, L.-W. and Weinert, M. and Weinstein, A. J. and Weiss, R. and Welborn, T. and Wen, L. and We\ss{}els, P. and Westphal, T. and Wette, K. and Whelan, J. T. and Whitcomb, S. E. and White, D. J. and Whiting, B. F. and Wiesner, K. and Wilkinson, C. and Willems, P. A. and Williams, L. and Williams, R. D. and Williamson, A. R. and Willis, J. L. and Willke, B. and Wimmer, M. H. and Winkelmann, L. and Winkler, W. and Wipf, C. C. and Wiseman, A. G. and Wittel, H. and Woan, G. and Worden, J. and Wright, J. L. and Wu, G. and Yablon, J. and Yakushin, I. and Yam, W. and Yamamoto, H. and Yancey, C. C. and Yap, M. J. and Yu, H. and Yvert, M. and Zadro\ifmmode \dot{z}\else \.{z}\fi{}ny, A. and Zangrando, L. and Zanolin, M. and Zendri, J.-P. and Zevin, M. and Zhang, F. and Zhang, L. and Zhang, M. and Zhang, Y. and Zhao, C. and Zhou, M. and Zhou, Z. and Zhu, X. J. and Zucker, M. E. and Zuraw, S. E. and Zweizig, J.},
  collaboration = {LIGO Scientific Collaboration and Virgo Collaboration},
  journal = {Phys. Rev. Lett.},
  volume = {116},
  issue = {6},
  pages = {061102},
  numpages = {16},
  year = {2016},
  month = {Feb},
  publisher = {American Physical Society},
  doi = {10.1103/PhysRevLett.116.061102},
  url = {https://link.aps.org/doi/10.1103/PhysRevLett.116.061102}
}



%%%% THERMONUCLEAR AND ELECTRON CAPTURE SUPERNOVAE FROM STIRPPED ENVELOPE STARS -- START REFERENCES %%%%%
@article{Phillips:1993ng,
  title = {The {{Absolute Magnitudes}} of {{Type IA Supernovae}}},
  volume = {413},
  doi = {10.1086/186970},
  journal = {The Astrophysical Journal},
  author = {Phillips, M. M.},
  month = aug,
  year = {1993},
  pages = {L105}
}

@article{Livio:2018rue,
  title = {On the Progenitors of {{Type Ia}} Supernovae},
  volume = {736},
  journal = {Physics Reports},
  doi = {10.1016/j.physrep.2018.02.002},
  author = {Livio, Mario and Mazzali, Paolo},
  month = mar,
  year = {2018},
  pages = {1}
}



@article{Lecoanet:2016abca,
  title = {Turbulent {{Chemical Diffusion}} in {{Convectively Bounded Carbon Flames}}},
  author = {Lecoanet, Daniel and Schwab, Josiah and Quataert, Eliot and Bildsten, Lars and Timmes, F. X. and Burns, Keaton J. and Vasil, Geoffrey M. and Oishi, Jeffrey S. and Brown, Benjamin P.},
  year = {2016},
  month = nov,
  journal = {The Astrophysical Journal},
  volume = {832},
  pages = {71},
  issn = {0004-637X},
  doi = {10.3847/0004-637X/832/1/71},
}


@article{Wang:2016alt,
  title = {The Core-Degenerate Scenario for the Progenitors of {{Type Ia}} Supernovae},
  author = {Wang, B. and Zhou, W.-H. and Zuo, Z.-Y. and Li, Y.-B. and Luo, X. and Zhang, J.-J. and Liu, D.-D. and Wu, C.-Y.},
  year = {2017},
  month = feb,
  journal = {Monthly Notices of the Royal Astronomical Society},
  volume = {464},
  number = {4},
  pages = {3965},
}



@article{Soker:2021dii,
  title = {Common Envelope to Explosion Delay Time Distribution ({{CEEDTD}}) of Type {{Ia}} Supernovae},
  author = {Soker, Noam},
  year = {2021},
  month = nov,
  journal = {arXiv:2111.01648 [astro-ph]},
  eprint = {2111.01648},
  eprinttype = {arxiv},
  primaryclass = {astro-ph},
}




@article{Sen:2022abc,
  title = {Detailed Models of Interacting Short-Period Massive Binary Stars},
  author = {Sen, K. and Langer, N. and Marchant, P. and Menon, A. and {de Mink}, S. E. and Schootemeijer, A. and Sch{\"u}rmann, C. and Mahy, L. and Hastings, B. and Nathaniel, K. and Sana, H. and Wang, C. and Xu, X. T.},
  year = {2022},
  month = mar,
  journal = {Astronomy \& Astrophysics},
  volume = {659},
  pages = {A98},
  issn = {0004-6361},
  doi = {10.1051/0004-6361/202142574}
}




@article{Pan:2020grt,
  title = {High-Velocity {{Type Ia Supernova Has}} a {{Unique Host Environment}}},
  author = {Pan, Yen-Chen},
  year = {2020},
  month = may,
  journal = {The Astrophysical Journal},
  volume = {895},
  pages = {L5},
  issn = {0004-637X},
  doi = {10.3847/2041-8213/ab8e47},
}


@article{Foley:2012tu,
  title = {Type {{Iax Supernovae}}: A {{New Class}} of {{Stellar Explosion}}},
  author = {Foley, Ryan J. and Challis, P. J. and Chornock, R. and Ganeshalingam, M. and Li, W. and Marion, G. H. and Morrell, N. I. and Pignata, G. and Stritzinger, M. D. and Silverman, J. M. and Wang, X. and Anderson, J. P. and Filippenko, A. V. and Freedman, W. L. and Hamuy, M. and Jha, S. W. and Kirshner, R. P. and McCully, C. and Persson, S. E. and Phillips, M. M. and Reichart, D. E. and Soderberg, A. M.},
  year = {2013},
  month = apr,
  journal = {The Astrophysical Journal},
  volume = {767},
  pages = {57},
  doi = {10.1088/0004-637X/767/1/57},
  keywords = {Astrophysics - Cosmology and Nongalactic Astrophysics,Astrophysics - Solar and Stellar Astrophysics,supernovae: general}
}


@article{Yamanaka:2015qpa,
  title = {{{OISTER Optical}} and {{Near}}-{{Infrared Observations}} of {{Type Iax Supernova 2012Z}}},
  author = {Yamanaka, Masayuki and Maeda, Keiichi and Kawabata, Koji S. and Tanaka, Masaomi and Tominaga, Nozomu and Akitaya, Hiroshi and Nagayama, Takahiro and Kuroda, Daisuke and Takahashi, Jun and Saito, Yoshihiko and Yanagisawa, Kenshi and Fukui, Akihiko and Miyanoshita, Ryo and Watanabe, Makoto and Arai, Akira and Isogai, Mizuki and Hattori, Takashi and Hanayama, Hidekazu and Itoh, Ryosuke and Ui, Takahiro and Takaki, Katsutoshi and Ueno, Issei and Yoshida, Michitoshi and Ali, Gamal B. and Essam, Ahmed and Ozaki, Akihito and Nakao, Hikaru and Hamamoto, Ko and Nogami, Daisaku and Morokuma, Tomoki and Oasa, Yumiko and Izumiura, Hideyuki and Sekiguchi, Kazuhiro},
  year = {2015},
  month = jun,
  journal = {The Astrophysical Journal},
  volume = {806},
  pages = {191},
  issn = {0004-637X},
  doi = {10.1088/0004-637X/806/2/191},
}





@article{Kromer:2015lda,
  title = {Deflagrations in Hybrid {{CONe}} White Dwarfs: A Route to Explain the Faint {{Type Iax}} Supernova 2008ha},
  shorttitle = {Deflagrations in Hybrid {{CONe}} White Dwarfs},
  author = {Kromer, M. and Ohlmann, S. T. and Pakmor, R. and Ruiter, A. J. and Hillebrandt, W. and Marquardt, K. S. and R{\"o}pke, F. K. and Seitenzahl, I. R. and Sim, S. A. and Taubenberger, S.},
  year = {2015},
  month = jul,
  journal = {Monthly Notices of the Royal Astronomical Society},
  volume = {450},
  number = {3},
  pages = {3045--3053},
  issn = {0035-8711},
  doi = {10.1093/mnras/stv886},
  abstract = {Abstract.  Stellar evolution models predict the existence of hybrid white dwarfs (WDs) with a carbon\textendash oxygen core surrounded by an oxygen\textendash neon mantle. Being born},
  langid = {english},
  file = {/Users/jantoniadis/Zotero/storage/XW5GEGPE/1074377.html}
}



@article{Antoniadis:2020gos,
  title = {Gaia Pulsars and Where to Find Them},
  author = {Antoniadis, John},
  year = {2021},
  month = jan,
  journal = {Monthly Notices of the Royal Astronomical Society},
  volume = {501},
  number = {1},
  pages = {1116--1126},
  issn = {0035-8711},
  doi = {10.1093/mnras/staa3595},
}



@article{Willcox:2021kbg,
  title = {Constraints on {{Weak Supernova Kicks}} from {{Observed Pulsar Velocities}}},
  author = {Willcox, Reinhold and Mandel, Ilya and Thrane, Eric and Deller, Adam and Stevenson, Simon and {Vigna-G{\'o}mez}, Alejandro},
  year = {2021},
  month = oct,
  journal = {The Astrophysical Journal},
  volume = {920},
  pages = {L37},
  issn = {0004-637X},
  doi = {10.3847/2041-8213/ac2cc8},
}



@article{Schwab:2016lep,
  title = {The Evolution and Fate of Super-{{Chandrasekhar}} Mass White Dwarf Merger Remnants},
  author = {Schwab, Josiah and Quataert, Eliot and Kasen, Daniel},
  year = {2016},
  month = dec,
  journal = {Monthly Notices of the Royal Astronomical Society},
  volume = {463},
  pages = {3461--3475},
  issn = {0035-8711},
  doi = {10.1093/mnras/stw2249},
}





@article{Gvaramadze:2019abc,
  title = {A Massive White-Dwarf Merger Product before Final Collapse},
  author = {Gvaramadze, Vasilii V. and Gr{\"a}fener, G{\"o}tz and Langer, Norbert and Maryeva, Olga V. and Kniazev, Alexei Y. and Moskvitin, Alexander S. and Spiridonova, Olga I.},
  year = {2019},
  month = may,
  journal = {Nature},
  volume = {569},
  pages = {684--687},
  issn = {0028-0836},
  doi = {10.1038/s41586-019-1216-1},
}


@article{Antoniadis:2021dhe,
  title = {Explosibility Fluctuations of Massive Stellar Cores Enable Asymmetric Compact Object Mergers like {{GW190814}}},
  author = {Antoniadis, John and {Aguilera-Dena}, David R. and {Vigna-G{\'o}mez}, Alejandro and Kramer, Michael and Langer, Norbert and M{\"u}ller, Bernhard and Tauris, Thomas M. and Wang, Chen and Xu, Xiao-Tan},
  year = {2021},
  month = oct,
  journal = {arXiv:2110.01393 [astro-ph]},
  eprint = {2110.01393},
  eprinttype = {arxiv},
  primaryclass = {astro-ph},
}


@article{McCully:2014jva,
  title = {A Luminous, Blue Progenitor System for the Type {{Iax}} Supernova {{2012Z}}},
  author = {McCully, Curtis and Jha, Saurabh W. and Foley, Ryan J. and Bildsten, Lars and Fong, Wen-Fai and Kirshner, Robert P. and Marion, G. H. and Riess, Adam G. and Stritzinger, Maximilian D.},
  year = {2014},
  month = aug,
  journal = {Nature},
  volume = {512},
  pages = {54--56},
  issn = {0028-0836},
  doi = {10.1038/nature13615},
}




@article{McCully:2021abc,
  title = {The {{Progenitor System}} of {{SN 2012Z Did Not Disappear}}: Comparing {{Hubble Space Telescope Observations}} a {{Decade Apart}}},
  shorttitle = {The {{Progenitor System}} of {{SN 2012Z Did Not Disappear}}},
  author = {McCully, Curtis and Jha, Saurabh W. and Scalzo, Richard A. and Howell, D. Andrew and Foley, Ryan J. and Zeng, Yaotian and Liu, Zheng-Wei and Hosseinzadeh, Griffin and Bildsten, Lars and Riess, Adam G. and Kirshner, Robert P. and Marion, G. H. and {Camacho-Neves}, Yssavo},
  year = {2021},
  month = jun,
  journal = {arXiv e-prints},
  pages = {arXiv:2106.04602},
}



@article{Oskinova:2019abc,
  title = {A Massive White-Dwarf Merger Product before Final Collapse},
  author = {Oskinova, Lidia M. and Gvaramadze, Vasilii V. and Gr{\"a}fener, G{\"o}tz and Langer, Norbert and Todt, Helge},
  year = {2019},
  month = may,
  journal = {Nature},
  volume = {569},
  number = {7758},
  pages = {684--687},
  issn = {0028-0836},
  doi = {10.1038/s41586-019-1216-1} 
}



@article{Stritzinger:2014lva,
  title = {Comprehensive Observations of the Bright and Energetic {{Type Iax SN 2012Z}}: Interpretation as a {{Chandrasekhar}} Mass White Dwarf Explosion},
  shorttitle = {Comprehensive Observations of the Bright and Energetic {{Type Iax SN 2012Z}}},
  author = {Stritzinger, M. D. and Valenti, S. and Hoeflich, P. and Baron, E. and Phillips, M. M. and Taddia, F. and Foley, R. J. and Hsiao, E. Y. and Jha, S. W. and McCully, C. and Pandya, V. and Simon, J. D. and Benetti, S. and Brown, P. J. and Burns, C. R. and Campillay, A. and Contreras, C. and F{\"o}rster, F. and Holmbo, S. and Marion, G. H. and Morrell, N. and Pignata, G.},
  year = {2015},
  month = jan,
  journal = {Astronomy and Astrophysics},
  volume = {573},
  pages = {A2},
  issn = {0004-6361},
  doi = {10.1051/0004-6361/201424168},
}



@article{Bravo:2019fwh,
  title = {Sensitivity of {{Type Ia}} Supernovae to Electron Capture Rates},
  author = {Bravo, Eduardo},
  year = {2019},
  month = mar,
  journal = {arXiv:1903.08344 [astro-ph, physics:nucl-th]},
  eprint = {1903.08344},
  eprinttype = {arxiv},
  primaryclass = {astro-ph, physics:nucl-th},
}



@article{Aguilera-Dena:2021abc,
  title = {Stripped-Envelope Stars in Different Metallicity Environments. {{I}}. {{Evolutionary}} Phases, Classification, and Populations},
  author = {{Aguilera-Dena}, David R. and Langer, Norbert and Antoniadis, John and Pauli, Daniel and Dessart, Luc and {Vigna-G{\'o}mez}, Alejandro and Gr{\"a}fener, G{\"o}tz and Yoon, Sung-Chul},
  year = {2022},
  month = may,
  journal = {Astronomy \& Astrophysics},
  volume = {661},
  pages = {A60},
  issn = {0004-6361},
  doi = {10.1051/0004-6361/202142895},
}








@article{Tauris:2013zna,
  title = {Evolution towards and beyond Accretion-Induced Collapse of Massive White Dwarfs and Formation of Millisecond Pulsars},
  author = {Tauris, T. M. and Sanyal, D. and Yoon, S.-C. and Langer, N.},
  year = {2013},
  month = oct,
  journal = {Astronomy \& Astrophysics},
  volume = {558},
  pages = {A39},
  publisher = {{EDP Sciences}},
  issn = {0004-6361, 1432-0746},
  doi = {10.1051/0004-6361/201321662},
}




@article{Meng:2017ijx,
  title = {Do {{SN}} 2002cx-like and {{SN Ia}}-{{CSM Objects Share}} the {{Same Origin}}?},
  author = {Meng, X. and Podsiadlowski, Ph.},
  year = {2018},
  month = jul,
  journal = {The Astrophysical Journal},
  volume = {861},
  pages = {127},
  issn = {0004-637X},
  doi = {10.3847/1538-4357/aac81f},
}



@article{Zeng:2021vsz,
  title = {{{SN}} 2017fgc: A {{Fast}}-Expanding {{Type Ia Supernova Exploded}} in {{Massive Shell Galaxy NGC}} 474},
  shorttitle = {{{SN}} 2017fgc},
  author = {Zeng, Xiangyun and Wang, Xiaofeng and Esamdin, Ali and Pellegrino, Craig and Burke, Jamison and Stahl, Benjamin E. and Zheng, WeiKang and Filippenko, Alexei V. and Howell, D. Andrew and Sand, D. J. and Valenti, Stefano and Mo, Jun and Xi, Gaobo and Liu, Jialian and Zhang, Jujia and Li, Wenxiong and Iskandar, Abdusamatjan and Zhang, Mengfan and Lin, Han and Sai, Hanna and Xiang, Danfeng and Wei, Peng and Zhang, Tianmeng and Reichart, D. E. and Brink, Thomas G. and McCully, Curtis and Hiramatsu, Daichi and Hosseinzadeh, Griffin and Jeffers, Benjamin T. and Ross, Timothy W. and Stegman, Samantha and Wang, Lifan and Zhang, Jicheng and Ma, Shuo},
  year = {2021},
  month = sep,
  journal = {The Astrophysical Journal},
  volume = {919},
  pages = {49},
  issn = {0004-637X},
  doi = {10.3847/1538-4357/ac0e9c} 
}


@article{Jacobson-Galan:2018fqu,
  title = {Detection of Circumstellar Helium in {{Type Iax}} Progenitor Systems},
  author = {{Jacobson-Gal{\'a}n}, Wynn V. and Foley, Ryan J. and Schwab, Josiah and Dimitriadis, Georgios and Dong, Shawfeng and Jha, Saurabh W. and Kasen, Daniel and Kilpatrick, Charles D. and Thomas, Rollin},
  year = {2019},
  month = aug,
  journal = {Monthly Notices of the Royal Astronomical Society},
  volume = {487},
  pages = {2538--2577},
  issn = {0035-8711},
  doi = {10.1093/mnras/stz1305},
}



@article{wheeler1978,
  title = {Type {{I}} Supernovae, {{R Coronae Borealis}} Stars, and the {{Crab Nebula}}},
  volume = {225},
  issn = {0004-637X},
  journal = {The Astrophysical Journal},
  doi = {10.1086/156484},
  author = {Wheeler, J. C.},
  month = oct,
  year = {1978},
  pages = {212-220}
}



@article{Podsiadlowski:2003py,
  title = {The {{Effects}} of {{Binary Evolution}} on the {{Dynamics}} of {{Core Collapse}} and {{Neutron Star Kicks}}},
  volume = {612},
  issn = {0004-637X},
  journal = {The Astrophysical Journal},
  doi = {10.1086/421713},
  author = {Podsiadlowski, Ph. and Langer, N. and Poelarends, A. J. T. and Rappaport, S. and Heger, A. and Pfahl, E.},
  month = sep,
  year = {2004},
  pages = {1044-1051}
}


@article{Poelarends:2017dua,
  title = {Electron {{Capture Supernovae}} from {{Close Binary Systems}}},
  volume = {850},
  issn = {0004-637X},
  journal = {The Astrophysical Journal},
  doi = {10.3847/1538-4357/aa988a},
  author = {Poelarends, Arend J. T. and Wurtz, Scott and Tarka, James and Cole Adams, L. and Hills, Spencer T.},
  month = dec,
  year = {2017},
  pages = {197}
}



@article{Denissenkov:2013qaa,
  title = {{{THE C}}-{{FLAME QUENCHING BY CONVECTIVE BOUNDARY MIXING IN SUPER}}-{{AGB STARS AND THE FORMATION OF HYBRID C}}/{{O}}/{{Ne WHITE DWARFS AND SN PROGENITORS}}},
  volume = {772},
  issn = {0004-637X},
  number = {1},
  journal = {The Astrophysical Journal},
  doi = {10.1088/0004-637X/772/1/37},
  author = {Denissenkov, P. A. and Herwig, F. and Truran, J. W. and Paxton, B.},
  month = jul,
  year = {2013},
  pages = {37}
}

@BOOK{cox1968,
       author = {{Cox}, J.~P. and {Giuli}, R.~T.},
        title = "{Principles of stellar structure}",
         year = "1968",
       adsurl = {https://ui.adsabs.harvard.edu/abs/1968pss..book.....C},
      adsnote = {Provided by the SAO/NASA Astrophysics Data System}
}

@article{Suzuki:2015iry,
  title = {Electron-Capture and \textbackslash{}ensuremath\textbackslash{}beta-Decay {{Rates}} for Sd-{{Shell Nuclei}} in {{Stellar Environments Relevant}} to {{High}}-Density {{O}}-{{Ne}}-{{Mg Cores}}},
  volume = {817},
  journal = {The Astrophysical Journal},
  doi = {10.3847/0004-637X/817/2/163},
  author = {Suzuki, Toshio and Toki, Hiroshi and Nomoto, Ken'ichi},
  month = feb,
  year = {2016},
  pages = {163}
}


@article{Kashi:2011nm,
  title = {A Circumbinary Disc in the Final Stages of Common Envelope and the Core-Degenerate Scenario for {{Type Ia}} Supernovae},
  volume = {417},
  issn = {0035-8711},
  journal = {Monthly Notices of the Royal Astronomical Society},
  doi = {10.1111/j.1365-2966.2011.19361.x},
  author = {Kashi, Amit and Soker, Noam},
  month = oct,
  year = {2011},
  pages = {1466-1479}
}


@article{soker2019,
  title = {Supernovae {{Ia}} in 2019 (Review): A Rising Demand for Spherical Explosions},
  volume = {1912},
  journal = {arXiv e-prints},
  author = {Soker, Noam},
  month = dec,
  year = {2019},
  pages = {arXiv:1912.01550}
}


@article{doherty2015,
  title = {Super- and Massive {{AGB}} Stars - {{IV}}. {{Final}} Fates - Initial-to-Final Mass Relation},
  volume = {446},
  issn = {0035-8711},
  journal = {Monthly Notices of the Royal Astronomical Society},
  doi = {10.1093/mnras/stu2180},
  author = {Doherty, Carolyn L. and {Gil-Pons}, Pilar and Siess, Lionel and Lattanzio, John C. and Lau, Herbert H. B.},
  month = jan,
  year = {2015},
  pages = {2599-2612}
}


@article{Magee:2018aui,
  title = {Detecting the Signatures of Helium in Type {{Iax}} Supernovae},
  volume = {622},
  issn = {0004-6361},
  journal = {Astronomy \& Astrophysics},
  doi = {10.1051/0004-6361/201834420},
  author = {Magee, M. R. and Sim, S. A. and Kotak, R. and Maguire, K. and Boyle, A.},
  month = feb,
  year = {2019},
  pages = {A102}
}


@article{chen2014b,
  title = {The Dependence of the Evolution of {{Type Ia SN}} Progenitors on the {{C}}-Burning Rate Uncertainty and Parameters of Convective Boundary Mixing},
  volume = {440},
  issn = {0035-8711},
  journal = {Monthly Notices of the Royal Astronomical Society},
  doi = {10.1093/mnras/stu108},
  author = {Chen, Michael C. and Herwig, Falk and Denissenkov, Pavel A. and Paxton, Bill},
  month = may,
  year = {2014},
  pages = {1274-1280}
}


@article{Li:2003wja,
  title = {{{SN}} 2002cx: {{The Most Peculiar Known Type Ia Supernova}}},
  volume = {115},
  issn = {0004-6280},
  journal = {Publications of the Astronomical Society of the Pacific},
  doi = {10.1086/374200},
  author = {Li, Weidong and Filippenko, Alexei V. and Chornock, Ryan and Berger, Edo and Berlind, Perry and Calkins, Michael L. and Challis, Peter and Fassnacht, Chris and Jha, Saurabh and Kirshner, Robert P. and Matheson, Thomas and Sargent, Wallace L. W. and Simcoe, Robert A. and Smith, Graeme H. and Squires, Gordon},
  month = apr,
  year = {2003},
  pages = {453-473}
}


@article{Magee:2016vnu,
  title = {The Type {{Iax}} Supernova, {{SN 2015H}}. {{A}} White Dwarf Deflagration Candidate},
  volume = {589},
  issn = {0004-6361},
  journal = {Astronomy \& Astrophysics},
  doi = {10.1051/0004-6361/201528036},
  author = {Magee, M. R. and Kotak, R. and Sim, S. A. and Kromer, M. and Rabinowitz, D. and Smartt, S. J. and Baltay, C. and Campbell, H. C. and Chen, T.-W. and Fink, M. and {Gal-Yam}, A. and Galbany, L. and Hillebrandt, W. and Inserra, C. and Kankare, E. and Le Guillou, L. and Lyman, J. D. and Maguire, K. and Pakmor, R. and R{\"o}pke, F. K. and Ruiter, A. J. and Seitenzahl, I. R. and Sullivan, M. and Valenti, S. and Young, D. R.},
  month = may,
  year = {2016},
  pages = {A89}
}


@phdthesis{poelarends2007,
  title = {Stellar Evolution on the Borderline of White Dwarf and Neutron Star Formation},
  author = {Poelarends, A. J. T.},
  month = jan,
  year = {2007}
}



@article{Meng:2014qta,
  title = {The {{Birth Rate}} of {{SNe Ia}} from {{Hybrid CONe White Dwarfs}}},
  volume = {789},
  journal = {The Astrophysical Journal},
  doi = {10.1088/2041-8205/789/2/L45},
  author = {Meng, Xiangcun and Podsiadlowski, Philipp},
  month = jul,
  year = {2014},
  pages = {L45}
}


@article{Graefener2017,
   author = {{Gr{\"a}fener}, G. and {Owocki}, S.~P. and {Grassitelli}, L. and 
	{Langer}, N.},
    title = "{On the optically thick winds of Wolf-Rayet stars}",
  journal = {Astronomy \& Astrophysics},
archivePrefix = "arXiv",
   eprint = {1710.04543},
 primaryClass = "astro-ph.SR",
 keywords = {stars: Wolf-Rayet, stars: early-type, stars: atmospheres, stars: mass-loss, stars: winds, outflows},
     year = 2017,
    month = dec,
   volume = 608,
      eid = {A34},
    pages = {A34},
      doi = {10.1051/0004-6361/201731590},
   adsurl = {https://ui.adsabs.harvard.edu/abs/2017A%26A...608A..34G},
  adsnote = {Provided by the SAO/NASA Astrophysics Data System}
}


@article{itoh1996,
  title = {Neutrino {{Energy Loss}} in {{Stellar Interiors}}. {{VII}}. {{Pair}}, {{Photo}}-, {{Plasma}}, {{Bremsstrahlung}}, and {{Recombination Neutrino Processes}}},
  volume = {102},
  journal = {The Astrophysical Journal Supplement Series},
  doi = {10.1086/192264},
  author = {Itoh, Naoki and Hayashi, Hiroshi and Nishikawa, Akinori and Kohyama, Yasuharu},
  month = feb,
  year = {1996},
  pages = {411}
}


@article{Lyman:2013drq,
  title = {Environment-Derived Constraints on the Progenitors of Low-Luminosity {{Type I}} Supernovae},
  volume = {434},
  issn = {0035-8711},
  journal = {Monthly Notices of the Royal Astronomical Society},
  doi = {10.1093/mnras/stt1038},
  author = {Lyman, J. D. and James, P. A. and Perets, H. B. and Anderson, J. P. and {Gal-Yam}, A. and Mazzali, P. and Percival, S. M.},
  month = sep,
  year = {2013},
  pages = {527-541}
}


@article{Branch:2004tq,
  title = {Reading the {{Spectra}} of the {{Most Peculiar Type Ia Supernova}} 2002cx},
  volume = {116},
  issn = {0004-6280},
  journal = {Publications of the Astronomical Society of the Pacific},
  doi = {10.1086/425081},
  author = {Branch, David and Baron, E. and Thomas, R. C. and Kasen, D. and Li, Weidong and Filippenko, Alexei V.},
  month = oct,
  year = {2004},
  pages = {903-908}
}


@article{ruiz-lapuente1993,
  title = {A Possible Low-Mass Type {{Ia}} Supernova},
  volume = {365},
  copyright = {1993 Nature Publishing Group},
  issn = {1476-4687},
  number = {6448},
  journal = {Nature},
  doi = {10.1038/365728a0},
  author = {{Ruiz-Lapuente}, Pilar and Jeffery, David J. and Challis, Peter M. and Filippenko, Alexei V. and Kirshner, Robert P. and Ho, Luis C. and Schmidt, Brian P. and S{\'a}nchez, Francisco and Canal, Ramon},
  month = oct,
  year = {1993},
  pages = {728}
}

@article{cyburt2010,
  title = {{{THE JINA REACLIB DATABASE}}: {{ITS RECENT UPDATES AND IMPACT ON TYPE}}-{{I X}}-{{RAY BURSTS}}},
  volume = {189},
  issn = {0067-0049, 1538-4365},
  number = {1},
  journal = {The Astrophysical Journal Supplement Series},
  doi = {10.1088/0067-0049/189/1/240},
  author = {Cyburt, Richard H. and Amthor, A. Matthew and Ferguson, Ryan and Meisel, Zach and Smith, Karl and Warren, Scott and Heger, Alexander and Hoffman, R. D. and Rauscher, Thomas and Sakharuk, Alexander and Schatz, Hendrik and Thielemann, F. K. and Wiescher, Michael},
  month = jul,
  year = {2010},
  pages = {240-252}
}

@article{filippenko1992,
  title = {{{THE PECULIAR TYPE}} La {{SN 1991T}}: {{DETONATION OF A WHITE DWARF}}?},
  journal = {The Astrophysical Journal},
  author = {Filippenko, Alexei V and Richmond, Michael W and Matheson, Thomas and Shields, Joseph C and Burbidge, E Margaret and Cohen, Ross D and Dickinson, Mark and Malkan, Matthew A and Nelson, Brant and Pietz, Jochen and Schlegel, David and Schmeer, Patrick and Spinrad, Hyron and Steidel, Charles C and Tran, Hien D and Wren, William},
  month = jan,
  year = {1992},
  pages = {L5},
}


@article{Willcox:2016yyp,
  title = {Type {{Ia Supernova Explosions}} from {{Hybrid Carbon}}-{{Oxygen}}-{{Neon White Dwarf Progenitors}}},
  volume = {832},
  number = {1},
  journal = {The Astrophysical Journal},
  doi = {10.3847/0004-637X/832/1/13},
  author = {Willcox, Donald E. and Townsley, Dean M. and Calder, Alan C. and Denissenkov, Pavel A. and Herwig, Falk},
  month = nov,
  year = {2016},
  pages = {13}
}

@article{vanKerkwijk:2010he,
  title = {{{SUB}}-{{CHANDRASEKHAR WHITE DWARF MERGERS AS THE PROGENITORS OF TYPE Ia SUPERNOVAE}}},
  volume = {722},
  issn = {2041-8205},
  number = {2},
  journal = {The Astrophysical Journal},
  doi = {10.1088/2041-8205/722/2/L157},
  author = {van Kerkwijk, Marten H. and Chang, Philip and Justham, Stephen},
  month = sep,
  year = {2010},
  pages = {L157--L161}
}

@article{Kasen:2009si,
  title = {Seeing the {{Collision}} of a {{Supernova}} with {{Its Companion Star}}},
  volume = {708},
  number = {2},
  journal = {The Astrophysical Journal},
  doi = {10.1088/0004-637X/708/2/1025},
  author = {Kasen, Daniel},
  month = jan,
  year = {2010},
  pages = {1025}
}

@article{Harris:2016hfr,
  title = {Against the {{Wind}}: {{Radio Light Curves}} of {{Type Ia Supernovae Interacting}} with {{Low}}-Density {{Circumstellar Shells}}},
  volume = {823},
  number = {2},
  journal = {The Astrophysical Journal},
  doi = {10.3847/0004-637X/823/2/100},
  author = {Harris, Chelsea E. and Nugent, Peter E. and Kasen, Daniel N.},
  month = jun,
  year = {2016},
  pages = {100}
}

@article{Panagia:2006bu,
  title = {A {{Search}} for {{Radio Emission}} from {{Type Ia Supernovae}}},
  volume = {646},
  number = {1},
  journal = {The Astrophysical Journal},
  doi = {10.1086/504710},
  author = {Panagia, Nino and Van Dyk, Schuyler D. and Weiler, Kurt W. and Sramek, Richard A. and Stockdale, Christopher J. and Murata, Kimberly P.},
  month = jul,
  year = {2006},
  pages = {369}
}

@article{Jones:2018ule,
  title = {Remnants and Ejecta of Thermonuclear Electron-Capture Supernovae. {{Constraining}} Oxygen-Neon Deflagrations in High-Density White Dwarfs},
  volume = {622},
  journal = {Astronomy \& Astrophysics},
  doi = {10.1051/0004-6361/201834381},
  author = {Jones, S. and R{\"o}pke, F. K. and Fryer, C. and Ruiter, A. J. and Seitenzahl, I. R. and Nittler, L. R. and Ohlmann, S. T. and Reifarth, R. and Pignatari, M. and Belczynski, K.},
  month = feb,
  year = {2019},
  pages = {A74}
}

@article{Schwab:2018cnb,
  title = {Residual {{Carbon}} in {{Oxygen}}\textendash{{Neon White Dwarfs}} and {{Its Implications}} for {{Accretion}}-Induced {{Collapse}}},
  volume = {872},
  issn = {0004-637X},
  number = {2},
  journal = {The Astrophysical Journal},
  doi = {10.3847/1538-4357/aaffdc},
  author = {Schwab, Josiah and Rocha, Kyle Akira},
  month = feb,
  year = {2019},
  pages = {131}
}

@article{Takahashi:2013ena,
  title = {Evolution of {{Progenitors}} for {{Electron Capture Supernovae}}},
  volume = {771},
  number = {1},
  journal = {The Astrophysical Journal},
  doi = {10.1088/0004-637X/771/1/28},
  author = {Takahashi, Koh and Yoshida, Takashi and Umeda, Hideyuki},
  month = jul,
  year = {2013},
  pages = {28}
}

@article{nomoto1991,
  title = {Conditions for Accretion-Induced Collapse of White Dwarfs},
  volume = {367},
  issn = {0004-637X, 1538-4357},
  journal = {The Astrophysical Journal},
  doi = {10.1086/185922},
  author = {Nomoto, Ken'ichi and Kondo, Yoji},
  month = jan,
  year = {1991},
  pages = {L19}
}

@article{Nomoto:1982zz,
  title = {Accreting White Dwarf Models for Type {{I}} Supernovae. {{I}} - {{Presupernova}} Evolution and Triggering Mechanisms},
  volume = {253},
  issn = {0004-637X, 1538-4357},
  journal = {The Astrophysical Journal},
  doi = {10.1086/159682},
  author = {Nomoto, K.},
  month = feb,
  year = {1982},
  pages = {798}
}

@article{Mazzali:2007et,
  title = {A {{Common Explosion Mechanism}} for {{Type Ia Supernovae}}},
  volume = {315},
  number = {5813},
  journal = {Science},
  doi = {10.1126/science.1136259},
  author = {Mazzali, Paolo A. and R{\"o}pke, Friedrich K. and Benetti, Stefano and Hillebrandt, Wolfgang},
  month = feb,
  year = {2007},
  pages = {825}
}

@article{Bochenek:2017vok,
  title = {X-Ray Emission from {{SN}} 2012ca: {{A Type Ia}}-{{CSM}} Supernova Explosion in a Dense Surrounding Medium},
  volume = {473},
  number = {1},
  journal = {Monthly Notices of the Royal Astronomical Society},
  doi = {10.1093/mnras/stx2029},
  author = {Bochenek, Christopher D. and Dwarkadas, Vikram V. and Silverman, Jeffrey M. and Fox, Ori D. and Chevalier, Roger A. and Smith, Nathan and Filippenko, Alexei V.},
  month = jan,
  year = {2018},
  pages = {336}
}

@article{Howell:2006vn,
  title = {The Type {{Ia}} Supernova {{SNLS}}-{{03D3bb}} from a Super-{{Chandrasekhar}}-Mass White Dwarf Star},
  volume = {443},
  number = {7109},
  journal = {Nature},
  doi = {10.1038/nature05103},
  author = {Howell, D. Andrew and Sullivan, Mark and Nugent, Peter E. and Ellis, Richard S. and Conley, Alexander J. and Le Borgne, Damien and Carlberg, Raymond G. and Guy, Julien and Balam, David and Basa, Stephane and Fouchez, Dominique and Hook, Isobel M. and Hsiao, Eric Y. and Neill, James D. and Pain, Reynald and Perrett, Kathryn M. and Pritchet, Christopher J.},
  month = sep,
  year = {2006},
  pages = {308}
}

@article{Churazov:2014bga,
  title = {Cobalt-56 {$\gamma$}-Ray Emission Lines from the Type {{Ia}} Supernova {{2014J}}},
  volume = {512},
  number = {7515},
  journal = {Nature},
  doi = {10.1038/nature13672},
  author = {Churazov, E. and Sunyaev, R. and Isern, J. and Kn{\"o}dlseder, J. and Jean, P. and Lebrun, F. and Chugai, N. and Grebenev, S. and Bravo, E. and Sazonov, S. and Renaud, M.},
  month = aug,
  year = {2014},
  pages = {406}
}



@article{augustine2019,
  title = {Type {{Ia Supernova Explosions}} from {{Hybrid Carbon}}-{{Oxygen}}-{{Neon White Dwarf Progenitors That Have Mixed During Cooling}}},
  volume = {1910},
  journal = {arXiv e-prints},
  author = {Augustine, Carlyn N. and Willcox, Donald E. and Brooks, Jared and Townsley, Dean M. and Calder, Alan C.},
  month = oct,
  year = {2019},
  pages = {arXiv:1910.12403}
}




@article{Arnett:1982,
  title = {Type {{I}} Supernovae. {{I}} - {{Analytic}} Solutions for the Early Part of the Light Curve},
  volume = {253},
  doi = {10.1086/159681},
  journal = {The Astrophysical Journal},
  author = {Arnett, W. D.},
  month = feb,
  year = {1982},
  pages = {785-797}
}

@article{Riess:1998cb,
  title = {Observational {{Evidence}} from {{Supernovae}} for an {{Accelerating Universe}} and a {{Cosmological Constant}}},
  volume = {116},
  doi = {10.1086/300499},
  journal = {The Astronomical Journal},
  author = {Riess, Adam G. and Filippenko, Alexei V. and Challis, Peter and Clocchiatti, Alejandro and Diercks, Alan and Garnavich, Peter M. and Gilliland, Ron L. and Hogan, Craig J. and Jha, Saurabh and Kirshner, Robert P. and Leibundgut, B. and Phillips, M. M. and Reiss, David and Schmidt, Brian P. and Schommer, Robert A. and Smith, R. Chris and Spyromilio, J. and Stubbs, Christopher and Suntzeff, Nicholas B. and Tonry, John},
  month = sep,
  year = {1998},
  pages = {1009-1038}
}




@article{Jha:2017gwq,
  title = {Type {{Iax Supernovae}}},
  journal = {Handbook of Supernovae},
  doi = {10.1007/978-3-319-21846-5_42},
  author = {Jha, Saurabh W.},
  year = {2017},
  pages = {375}
}




@article{Perlmutter:1998np,
  title = {Measurements of \textbackslash{{ensuremath\O{}mega}} and \textbackslash{}ensuremath\textbackslash{{Lambda}} from 42 {{High}}-{{Redshift Supernovae}}},
  volume = {517},
  doi = {10.1086/307221},
  journal = {The Astrophysical Journal},
  author = {Perlmutter, S. and Aldering, G. and Goldhaber, G. and Knop, R. A. and Nugent, P. and Castro, P. G. and Deustua, S. and Fabbro, S. and Goobar, A. and Groom, D. E. and Hook, I. M. and Kim, A. G. and Kim, M. Y. and Lee, J. C. and Nunes, N. J. and Pain, R. and Pennypacker, C. R. and Quimby, R. and Lidman, C. and Ellis, R. S. and Irwin, M. and McMahon, R. G. and {Ruiz-Lapuente}, P. and Walton, N. and Schaefer, B. and Boyle, B. J. and Filippenko, A. V. and Matheson, T. and Fruchter, A. S. and Panagia, N. and Newberg, H. J. M. and Couch, W. J. and Project, The Supernova Cosmology},
  month = jun,
  year = {1999},
  pages = {565-586}
}

@article{Wang:2012za,
  title = {Progenitors of Type {{Ia}} Supernovae},
  volume = {56},
  doi = {10.1016/j.newar.2012.04.001},
  journal = {New Astronomy Reviews},
  author = {Wang, Bo and Han, Zhanwen},
  month = jun,
  year = {2012},
  pages = {122-141}
}

@article{Maoz:2013hna,
  title = {Observational {{Clues}} to the {{Progenitors}} of {{Type Ia Supernovae}}},
  volume = {52},
  doi = {10.1146/annurev-astro-082812-141031},
  journal = {Annual Review of Astronomy \& Astrophysics},
  author = {Maoz, Dan and Mannucci, Filippo and Nelemans, Gijs},
  month = aug,
  year = {2014},
  pages = {107}
}

@article{Arnett:1969,
  title = {A {{Possible Model}} of {{Supernovae}}: {{Detonation}} of {\textsuperscript{12\$}}{{C}}},
  volume = {5},
  doi = {10.1007/BF00650291},
  journal = {The Astrophysical Journal Supplement Series},
  author = {Arnett, W. David},
  month = oct,
  year = {1969},
  pages = {180-212}
}

@article{Paxton:2010ji,
  title = {Modules for {{Experiments}} in {{Stellar Astrophysics}} ({{MESA}})},
  volume = {192},
  doi = {10.1088/0067-0049/192/1/3},
  journal = {The Astrophysical Journal Supplement Series},
  author = {Paxton, Bill and Bildsten, Lars and Dotter, 
  Aaron and Herwig, Falk and Lesaffre, Pierre and Timmes, Frank},
  month = jan,
  year = {2011},
  pages = {3}
}

@article{Paxton:2013pj,
  title = {Modules for {{Experiments}} in {{Stellar Astrophysics}} ({{MESA}}): {{Planets}}, {{Oscillations}}, {{Rotation}}, and {{Massive Stars}}},
  volume = {208},
  doi = {10.1088/0067-0049/208/1/4},
  journal = {The Astrophysical Journal Supplement Series},
  author = {Paxton, Bill and Cantiello, Matteo and Arras, 
  Phil and Bildsten, Lars and Brown, Edward F. and Dotter, 
  Aaron and Mankovich, Christopher and Montgomery, 
  M. H. and Stello, Dennis and Timmes, F. X. and Townsend, Richard},
  month = sep,
  year = {2013},
  pages= {4}
}



@article{Vink:2017ujd,
  title = {Winds from Stripped Low-Mass Helium Stars and {{Wolf}}-{{Rayet}} Stars},
  volume = {607},
  issn = {0004-6361},
  journal = {Astronomy \& Astrophysics},
  doi = {10.1051/0004-6361/201731902},
  author = {Vink, Jorick S.},
  month = nov,
  year = {2017},
  pages = {L8}
}



@article{Jones:2016asr,
  title = {Do Electron-Capture Supernovae Make Neutron Stars? - {{First}} Multidimensional Hydrodynamic Simulations of the Oxygen Deflagration},
  volume = {593},
  copyright = {\textcopyright{} ESO, 2016},
  issn = {0004-6361, 1432-0746},
  journal = {Astronomy \& Astrophysics},
  doi = {10.1051/0004-6361/201628321},
  author = {Jones, S. and R{\"o}pke, F. K. and Pakmor, R. and Seitenzahl, I. R. and Ohlmann, S. T. and Edelmann, P. V. F.},
  month = sep,
  year = {2016},
  pages = {A72}
}


@article{branch2017,
  title = {Supernova {{Explosions}}},
  journal = {Supernova Explosions: Astronomy and Astrophysics Library, ISBN 978-3-662-55052-6. Springer-Verlag GmbH Germany, 2017},
  doi = {10.1007/978-3-662-55054-0},
  author = {Branch, David and Wheeler, J. Craig},
  year = {2017}
}


@article{Yoon:2017dme,
  title = {Towards a Better Understanding of the Evolution of {{Wolf}}-{{Rayet}} Stars and {{Type Ib}}/{{Ic}} Supernova Progenitors},
  volume = {470},
  issn = {0035-8711},
  journal = {Monthly Notices of the Royal Astronomical Society},
  doi = {10.1093/mnras/stx1496},
  author = {Yoon, Sung-Chul},
  month = oct,
  year = {2017},
  pages = {3970-3980}
}


@article{Lau:2007zf,
  title = {An Explosive End to Intermediate-Mass Zero-Metallicity Stars and Early {{Universe}} Nucleosynthesis},
  volume = {385},
  issn = {0035-8711},
  journal = {Monthly Notices of the Royal Astronomical Society},
  doi = {10.1111/j.1365-2966.2007.12816.x},
  author = {Lau, Herbert H. B. and Stancliffe, Richard J. and Tout, Christopher A.},
  month = mar,
  year = {2008},
  pages = {301-309}
}


@article{Iben:1983ts,
  title = {Asymptotic Giant Branch Evolution and Beyond},
  volume = {21},
  issn = {0066-4146},
  journal = {Annual Review of Astronomy and Astrophysics},
  doi = {10.1146/annurev.aa.21.090183.001415},
  author = {Iben, Jr., I. and Renzini, A.},
  year = {1983},
  pages = {271-342}
}


@article{rose1969,
  title = {Neutrino {{Emission}} and the {{Onset}} of {{Carbon Burning}}},
  volume = {155},
  issn = {0004-637X},
  journal = {The Astrophysical Journal},
  doi = {10.1086/149885},
  author = {Rose, William K.},
  month = feb,
  year = {1969},
  pages = {491}
}



@article{kashyap2018,
  title = {Double-Degenerate {{Carbon}}-{{Oxygen}} and {{Oxygen}}-{{Neon White Dwarf Mergers}}: {{A New Mechanism}} for {{Faint}} and {{Rapid Type Ia Supernovae}}},
  volume = {869},
  journal = {The Astrophysical Journal},
  doi = {10.3847/1538-4357/aaedb7},
  author = {Kashyap, Rahul and Haque, Tazkera and {Lor{\'e}n-Aguilar}, Pablo and {Garc{\'i}a-Berro}, Enrique and Fisher, Robert},
  month = dec,
  year = {2018},
  pages = {140}
}


@article{Woosley:2019sdf,
  title = {The {{Evolution}} of {{Massive Helium Stars}}, {{Including Mass Loss}}},
  volume = {878},
  number = {1},
  journal = {The Astrophysical Journal},
  doi = {10.3847/1538-4357/ab1b41},
  author = {Woosley, S. E.},
  month = jun,
  year = {2019},
  pages = {49}
}


@article{Tsebrenko:2014kea,
  title = {The Fraction of Type {{Ia}} Supernovae Exploding inside Planetary Nebulae ({{SNIPs}})},
  volume = {447},
  number = {3},
  journal = {Monthly Notices of the Royal Astronomical Society},
  doi = {10.1093/mnras/stu2567},
  author = {Tsebrenko, Danny and Soker, Noam},
  month = mar,
  year = {2015},
  pages = {2568}
}


@article{Paxton:2015jva,
  title = {Modules for {{Experiments}} in {{Stellar Astrophysics}} ({{MESA}}): {{Binaries}}, {{Pulsations}}, and {{Explosions}}},
  volume = {220},
  doi = {10.1088/0067-0049/220/1/15},
  journal = {The Astrophysical Journal Supplement Series},
  author = {Paxton, Bill and Marchant, Pablo and Schwab, 
  Josiah and Bauer, Evan B. and Bildsten, Lars and Cantiello, 
  Matteo and Dessart, Luc and Farmer, R. and Hu, H. and Langer, N. 
  and Townsend, R. H. D. and Townsley, Dean M. and Timmes, F. X.},
  month = sep,
  year = {2015},
  pages = {15}
}

@article{Paxton:2017eie,
  title = {Modules for {{Experiments}} in {{Stellar Astrophysics}} ({{MESA}}): {{Convective Boundaries}}, {{Element Diffusion}}, and {{Massive Star Explosions}}},
  volume = {234},
  doi = {10.3847/1538-4365/aaa5a8},
  journal = {The Astrophysical Journal Supplement Series},
  author = {Paxton, Bill and Schwab, Josiah and Bauer, Evan B. and 
  Bildsten, Lars and Blinnikov, Sergei and Duffell, Paul and Farmer, R. and 
  Goldberg, Jared A. and Marchant, Pablo and Sorokina, Elena and 
  Thoul, Anne and Townsend, Richard H. D. and Timmes, F. X.},
  month = feb,
  year = {2018},
  pages = {34}
}


@article{Robitaille:2013mpa,
  title = {Astropy: {{A}} Community {{Python}} Package for Astronomy},
  volume = {558},
  doi = {10.1051/0004-6361/201322068},
  journal = {Astronomy and Astrophysics},
  author = {{Astropy Collaboration}},
  month = oct,
  year = {2013},
  pages = {A33}
}

@article{Price-Whelan:2018hus,
  title = {The {{Astropy Project}}: {{Building}} an {{Open}}-Science {{Project}} and {{Status}} of the v2.0 {{Core Package}}},
  volume = {156},
  doi = {10.3847/1538-3881/aabc4f},
  number = {3},
  journal = {The Astronomical Journal},
  author = {{Astropy Collaboration} and {Astropy Contributors}},
  month = sep,
  year = {2018},
  pages = {123}
}


@article{Meyer:2017elq,
  title = {Super-{{AGB Stars}} and Their {{Role}} as {{Electron Capture Supernova Progenitors}}},
  volume = {34},
  doi = {10.1017/pasa.2017.52},
  journal = {Publications of the Astronomical Society of Australia},
  author = {Doherty, Carolyn L. and {Gil-Pons}, Pilar and Siess, Lionel and Lattanzio, John C.},
  month = nov,
  year = {2017},
  pages = {e056}
}



@article{raddi2019a,
  title = {Partly Burnt Runaway Stellar Remnants from Peculiar Thermonuclear Supernovae},
  author = {Raddi, R. and Hollands, M. A. and Koester, D. and Hermes, J. J. and G{\"a}nsicke, B. T. and Heber, U. and Shen, K. J. and Townsley, D. M. and Pala, A. F. and Reding, J. S. and Toloza, O. F. and Pelisoli, I. and Geier, S. and Gentile Fusillo, N. P. and Munari, U. and Strader, J.},
  year = {2019},
  month = oct,
  volume = {489},
  pages = {1489--1508},
  issn = {0035-8711},
  doi = {10.1093/mnras/stz1618},
  journal = {Monthly Notices of the Royal Astronomical Society}
}

@article{tauris2019,
  title = {J0453+1559: {{A Neutron Star}}\textendash{{White Dwarf Binary}} from a {{Thermonuclear Electron}}-Capture {{Supernova}}?},
  author = {Tauris, Thomas M. and Janka, Hans-Thomas},
  year = {2019},
  month = nov,
  volume = {886},
  pages = {L20},
  issn = {0004-637X},
  doi = {10.3847/2041-8213/ab5642},
  journal = {The Astrophysical Journal Letters}
}





@article{timmes1992a,
  title = {The Conductive Propagation of Nuclear Flames. {{I}} - {{Degenerate C}} + {{O}} and {{O}} + {{NE}} + {{MG}} White Dwarfs},
  author = {Timmes, F. X. and Woosley, S. E.},
  year = {1992},
  month = sep,
  volume = {396},
  pages = {649--667},
  issn = {0004-637X},
  doi = {10.1086/171746},
  journal = {The Astrophysical Journal}
}




@article{canal1992,
  title = {The Quasi-Static Evolution of {{ONeMg}} Cores - {{Explosive}} Ignition Densities and the Collapse/Explosion Alternative},
  author = {Canal, Ramon and Isern, Jordi and Labay, Javier},
  year = {1992},
  month = oct,
  volume = {398},
  pages = {L49-L52},
  issn = {0004-637X},
  doi = {10.1086/186574},
  journal = {The Astrophysical Journal Letters}
}





@article{lecoanet2016a,
  title = {Turbulent {{Chemical Diffusion}} in {{Convectively Bounded Carbon Flames}}},
  author = {Lecoanet, Daniel and Schwab, Josiah and Quataert, Eliot and Bildsten, Lars and Timmes, F. X. and Burns, Keaton J. and Vasil, Geoffrey M. and Oishi, Jeffrey S. and Brown, Benjamin P.},
  year = {2016},
  month = nov,
  volume = {832},
  pages = {71},
  issn = {0004-637X},
  doi = {10.3847/0004-637X/832/1/71},
  journal = {The Astrophysical Journal}
}




@article{miyaji1980,
  title = {Supernova {{Triggered}} by {{Electron Captures}}},
  author = {Miyaji, S. and Nomoto, K. and Yokoi, K. and Sugimoto, D.},
  year = {1980},
  volume = {32},
  pages = {303},
  issn = {0004-6264},
  journal = {Publications of the Astronomical Society of Japan}
}




@article{gutierrez1996a,
  title = {The {{Final Evolution}} of {{ONeMg Electron}}-{{Degenerate Cores}}},
  author = {Gutierrez, Jordi and {Garcia-Berro}, Enrique and Iben, Jr., Icko and Isern, Jordi and Labay, Javier and Canal, Ramon},
  year = {1996},
  month = mar,
  volume = {459},
  pages = {701},
  issn = {0004-637X},
  doi = {10.1086/176934},
  journal = {The Astrophysical Journal}
}





@article{nomoto1984,
  title = {Evolution of 8-10 Solar Mass Stars toward Electron Capture Supernovae. {{I}} - {{Formation}} of Electron-Degenerate {{O}} + {{Ne}} + {{Mg}} Cores},
  author = {Nomoto, K.},
  year = {1984},
  month = feb,
  volume = {277},
  pages = {791--805},
  issn = {0004-637X},
  doi = {10.1086/161749},
  journal = {The Astrophysical Journal}
}



@ARTICLE{Salpeter:1955,
       author = {{Salpeter}, Edwin E.},
        title = "{The Luminosity Function and Stellar Evolution.}",
      journal = {The Astrophysical Journal},
         year = 1955,
        month = jan,
       volume = {121},
        pages = {161},
          doi = {10.1086/145971},
       adsurl = {https://ui.adsabs.harvard.edu/abs/1955ApJ...121..161S},
      adsnote = {Provided by the SAO/NASA Astrophysics Data System}
}

@article{Chabrier:2004vw,
  title = {The {{Initial Mass Function}}: {{From Salpeter}} 1955 to 2005},
  volume = {327},
  doi = {10.1007/978-1-4020-3407-7_5},
  journal = {The Initial Mass Function 50 Years Later},
  author = {Chabrier, Gilles},
  month = jan,
  year = {2005},
  pages = {41}
}


@article{Schwab:2015bma,
  title = {Thermal Runaway during the Evolution of {{ONeMg}} Cores towards Accretion-Induced Collapse},
  volume = {453},
  doi = {10.1093/mnras/stv1804},
  journal = {Monthly Notices of the Royal Astronomical Society},
  author = {Schwab, Josiah and Quataert, Eliot and Bildsten, Lars},
  month = oct,
  year = {2015},
  pages = {1910-1927}
}


@article{Chen:2014,
  title = {The Dependence of the Evolution of {{Type Ia SN}} Progenitors on the {{C}}-Burning Rate Uncertainty and Parameters of Convective Boundary Mixing},
  volume = {440},
  doi = {10.1093/mnras/stu108},
  journal = {Monthly Notices of the Royal Society},
  author = {Chen, Michael C. and Herwig, Falk and Denissenkov, Pavel A. and Paxton, Bill},
  month = may,
  year = {2014},
  pages = {1274-1280}
}



@article{Farmer:2015afs,
  title = {On {{Carbon Burning}} in {{Super Asymptotic Giant Branch Stars}}},
  volume = {807},
  doi = {10.1088/0004-637X/807/2/184},
  journal = {The Astrophysical Journal},
  author = {Farmer, R. and Fields, C. E. and Timmes, F. X.},
  month = jul,
  year = {2015},
  pages = {184}
}

@article{grevesse1998,
  title = {Standard {{Solar Composition}}},
  volume = {85},
  journal = {Space Science Reviews},
  doi = {10.1023/A:1005161325181},
  author = {Grevesse, N. and Sauval, A. J.},
  month = may,
  year = {1998},
  pages = {161}
}

@article{Schwab:2017epw,
  title = {The Importance of {{Urca}}-Process Cooling in Accreting {{ONe}} White Dwarfs},
  volume = {472},
  number = {3},
  journal = {Monthly Notices of the Royal Astronomical Society},
  doi = {10.1093/mnras/stx2169},
  author = {Schwab, Josiah and Bildsten, Lars and Quataert, Eliot},
  month = dec,
  year = {2017},
  pages = {3390}
}

@article{Sato:2015spa,
  title = {A {{Systematic Study}} of {{Carbon}}-{{Oxygen White Dwarf Mergers}}: {{Mass Combinations}} for {{Type Ia Supernovae}}},
  volume = {807},
  number = {1},
  journal = {The Astrophysical Journal},
  doi = {10.1088/0004-637X/807/1/105},
  author = {Sato, Yushi and Nakasato, Naohito and Tanikawa, Ataru and Nomoto, Ken'ichi and Maeda, Keiichi and Hachisu, Izumi},
  month = jul,
  year = {2015},
  pages = {105}
}

@article{kirshner1973,
  title = {The Spectra of Supernovae.},
  volume = {185},
  journal = {The Astrophysical Journal},
  doi = {10.1086/152417},
  author = {Kirshner, R. P. and Oke, J. B. and Penston, M. V. and Searle, L.},
  month = oct,
  year = {1973},
  pages = {303}
}



@article{kitaura2006,
  title = {Explosions of {{O}}-{{Ne}}-{{Mg}} Cores, the {{Crab}} Supernova, and Subluminous Type {{II}}-{{P}} Supernovae},
  author = {Kitaura, F. S. and Janka, H.-Th. and Hillebrandt, W.},
  year = {2006},
  month = apr,
  volume = {450},
  pages = {345--350},
  issn = {0004-6361},
  doi = {10.1051/0004-6361:20054703},
  journal = {Astronomy and Astrophysics}
}

@article{Jones2013apj,
	doi = {10.1088/0004-637x/772/2/150},
	url = {https://doi.org/10.1088/0004-637x/772/2/150},
	year = 2013,
	month = {jul},
	publisher = {American Astronomical Society},
	volume = {772},
	number = {2},
	pages = {150},
	author = {S. Jones and R. Hirschi and K. Nomoto and T. Fischer and F. X. Timmes and F. Herwig and B. Paxton and H. Toki and T. Suzuki and G. Mart{\'{\i}}nez-Pinedo and Y. H. Lam and M. G. Bertolli},
	title = {{ADVANCED} {BURNING} {STAGES} {AND} {FATE} {OF} 8-10M☉{STARS}},
	journal = {The Astrophysical Journal}
}


@article{jones2014,
  title = {The {{Final Fate}} of {{Stars}} That {{Ignite Neon}} and {{Oxygen Off}}-Center: {{Electron Capture}} or {{Iron Core}}-Collapse {{Supernova}}?},
  author = {Jones, Samuel and Hirschi, Raphael and Nomoto, Ken'ichi},
  year = {2014},
  month = dec,
  volume = {797},
  pages = {83},
  doi = {10.1088/0004-637X/797/2/83},
  journal = {\textbackslash{}apj}
}




@article{antoniadis2020,
  title = {Type {{Ia}} Supernovae from Non-Accreting Progenitors},
  author = {Antoniadis, J. and Chanlaridis, S. and Gr{\"a}fener, G. and Langer, N.},
  year = {2020},
  month = mar,
  volume = {635},
  pages = {A72},
  issn = {0004-6361},
  doi = {10.1051/0004-6361/201936991},
  journal = {Astronomy and Astrophysics}
}




@article{kippenhahn1980,
  title = {The Time Scale of Thermohaline Mixing in Stars},
  volume = {91},
  number = {1-2},
  journal = {Astronomy and Astrophysics},
  author = {Kippenhahn, R. and Ruschenplatt, G. and Thomas, H.-C.},
  month = nov,
  year = {1980},
  pages = {175}
}

@article{langer1983,
  title = {Semiconvective Diffusion and Energy Transport},
  volume = {126},
  issn = {0004-6361},
  number = {1},
  journal = {Astronomy and Astrophysics},
  author = {Langer, N. and Fricke, K. J. and Sugimoto, D.},
  month = sep,
  year = {1983},
  pages = {207}
}

@article{Pritchet:2008np,
  title = {The {{Progenitors}} of {{Type Ia Supernovae}}},
  volume = {683},
  number = {1},
  journal = {The Astrophysical Journal},
  doi = {10.1086/591314},
  author = {Pritchet, Christopher J. and Howell, D. Andrew and Sullivan, Mark},
  month = aug,
  year = {2008},
  pages = {L25}
}

@misc{robert_farmer_2018_1441329,
  author       = {Robert Farmer},
  title        = {rjfarmer/mesaplot},
  month        = oct,
  year         = 2018,
  doi          = {10.5281/zenodo.1441329},
  url          = {https://doi.org/10.5281/zenodo.1441329}
}

@article{Sana:2012px,
  title = {Binary {{Interaction Dominates}} the {{Evolution}} of {{Massive Stars}}},
  volume = {337},
  number = {6093},
  journal = {Science},
  doi = {10.1126/science.1223344},
  author = {Sana, H. and {de Mink}, S. E. and {de Koter}, A. and Langer, N. and Evans, C. J. and Gieles, M. and Gosset, E. and Izzard, R. G. and Le Bouquin, J.-B. and Schneider, F. R. N.},
  month = jul,
  year = {2012},
  pages = {444}
}

@article{Tauris:2015xra,
  title = {Ultra-Stripped Supernovae: Progenitors and Fate},
  volume = {451},
  issn = {0035-8711},
  number = {2},
  journal = {Monthly Notices of the Royal Astronomical Society},
  doi = {10.1093/mnras/stv990},
  author = {Tauris, Thomas M. and Langer, Norbert and Podsiadlowski, Philipp},
  month = aug,
  year = {2015},
  pages = {2123-2144}
}

@article{claeys2014a,
  title = {Theoretical Uncertainties of the {{Type Ia}} Supernova Rate},
  volume = {563},
  copyright = {\textcopyright{} ESO, 2014},
  issn = {0004-6361, 1432-0746},
  journal = {Astronomy \& Astrophysics},
  doi = {10.1051/0004-6361/201322714},
  author = {Claeys, J. S. W. and Pols, O. R. and Izzard, R. G. and Vink, J. and Verbunt, F. W. M.},
  month = mar,
  year = {2014},
  pages = {A83}
}

@article{Taubenberger:2017hoo,
  title = {The {{Extremes}} of {{Thermonuclear Supernovae}}},
  journal = {Handbook of Supernovae},
  doi = {10.1007/978-3-319-21846-5_37},
  author = {Taubenberger, Stefan},
  year = {2017},
  pages = {317}
}

@article{brooks2017,
  title = {Convection {{Destroys}} the {{Core}}/{{Mantle Structure}} in {{Hybrid C}}/{{O}}/{{Ne White Dwarfs}}},
  volume = {834},
  journal = {The Astrophysical Journal},
  doi = {10.3847/2041-8213/834/2/L9},
  author = {Brooks, Jared and Schwab, Josiah and Bildsten, Lars and Quataert, Eliot and Paxton, Bill},
  month = jan,
  year = {2017},
  pages = {L9}
}


@article{Poelarends:2007ip,
  title = {The {{Supernova Channel}} of {{Super}}-{{AGB Stars}}},
  volume = {675},
  number = {1},
  journal = {The Astrophysical Journal},
  doi = {10.1086/520872},
  author = {Poelarends, A. J. T. and Herwig, F. and Langer, N. and Heger, A.},
  month = mar,
  year = {2008},
  pages = {614}
}




@article{Owocki:2004zz,
  title = {A {{Porosity}}-{{Length Formalism}} for {{Photon}}-{{Tiring}}-Limited {{Mass Loss}} from {{Stars}} above the {{Eddington Limit}}},
  volume = {616},
  number = {1},
  journal = {The Astrophysical Journal},
  doi = {10.1086/424910},
  author = {Owocki, Stanley P. and Gayley, Kenneth G. and Shaviv, Nir J.},
  month = nov,
  year = {2004},
  pages = {525}
}

@ARTICLE{Smith2006,
   author = {{Smith}, N. and {Owocki}, S.~P.},
    title = "{On the Role of Continuum-driven Eruptions in the Evolution of Very Massive Stars and Population III Stars}",
  journal = {The Astrophysical Journall},
   eprint = {astro-ph/0606174},
 keywords = {Instabilities, Stars: Evolution, Stars: Mass Loss, Stars: Winds, Outflows},
     year = 2006,
    month = jul,
   volume = 645,
    pages = {L45-L48},
      doi = {10.1086/506523},
   adsurl = {https://ui.adsabs.harvard.edu/abs/2006ApJ...645L..45S},
  adsnote = {Provided by the SAO/NASA Astrophysics Data System}
}

@article{marquardt2015,
  title = {Type {{Ia}} Supernovae from Exploding Oxygen-Neon White Dwarfs},
  volume = {580},
  journal = {Astronomy and Astrophysics},
  doi = {10.1051/0004-6361/201525761},
  author = {Marquardt, Kai S. and Sim, Stuart A. and Ruiter, Ashley J. and Seitenzahl, Ivo R. and Ohlmann, Sebastian T. and Kromer, Markus and Pakmor, R{\"u}diger and R{\"o}pke, Friedrich K.},
  month = aug,
  year = {2015},
  pages = {A118}
}



@article{claeys2014,
  title = {Theoretical Uncertainties of the {{Type Ia}} Supernova Rate},
  volume = {563},
  journal = {Astronomy and Astrophysics},
  doi = {10.1051/0004-6361/201322714},
  author = {Claeys, J. S. W. and Pols, O. R. and Izzard, R. G. and Vink, J. and Verbunt, F. W. M.},
  month = mar,
  year = {2014},
  pages = {A83}
}



@article{Maoz:2010pz,
  title = {The Supernova Rate and Delay Time Distribution in the {{Magellanic Clouds}}},
  volume = {407},
  number = {2},
  journal = {Monthly Notices of the Royal Astronomical Society},
  doi = {10.1111/j.1365-2966.2010.16988.x},
  author = {Maoz, Dan and Badenes, Carles},
  month = sep,
  year = {2010},
  pages = {1314}
}


@INPROCEEDINGS{waldman2008,
       author = {{Waldman}, R. and {Yungelson}, L.~R. and {Barkat}, Z.},
        title = "{Helium Stars as Supernova Progenitors}",
     keywords = {Astrophysics},
    booktitle = {Hydrogen-Deficient Stars},
         year = "2008",
       editor = {{Werner}, A. and {Rauch}, T.},
       series = {Astronomical Society of the Pacific Conference Series},
       volume = {391},
        month = "Jul",
        pages = {359},
archivePrefix = {arXiv},
       eprint = {0710.3911},
 primaryClass = {astro-ph},
       adsurl = {https://ui.adsabs.harvard.edu/abs/2008ASPC..391..359W},
      adsnote = {Provided by the SAO/NASA Astrophysics Data System}
}




@article{kirsebom2019b,
  title = {Measurement of the 2+\textrightarrow{}0+ Ground-State Transition in the {$\beta$} Decay of {{20F}}},
  author = {Kirsebom, O. S. and Hukkanen, M. and Kankainen, A. and Trzaska, W. H. and Str{\"o}mberg, D. F. and {Mart{\'i}nez-Pinedo}, G. and Andersen, K. and Bodewits, E. and Brown, B. A. and Canete, L. and Cederk{\"a}ll, J. and Enqvist, T. and Eronen, T. and Fynbo, H. O. U. and Geldhof, S. and {de Groote}, R. and Jenkins, D. G. and Jokinen, A. and Joshi, P. and Khanam, A. and Kostensalo, J. and Kuusiniemi, P. and Langanke, K. and Moore, I. and Munch, M. and Nesterenko, D. A. and Ovejas, J. D. and Penttil{\"a}, H. and Pohjalainen, I. and Reponen, M. and {Rinta-Antila}, S. and Riisager, K. and {de Roubin}, A. and Schotanus, P. and Srivastava, P. C. and Suhonen, J. and Swartz, J. A. and Tengblad, O. and Vilen, M. and V{\'i}nals, S. and {{\'n}yst{\"o}}, J.},
  year = {2019},
  month = dec,
  volume = {100},
  pages = {065805},
  issn = {0556-2813},
  doi = {10.1103/PhysRevC.100.065805},
  journal = {Physical Review C}
}



@article{schwab2020,
  title = {Laminar {{Flame Speeds}} in {{Degenerate Oxygen}}\textendash{{Neon Mixtures}}},
  author = {Schwab, Josiah and Farmer, R. and Timmes, F. X.},
  year = {2020},
  month = mar,
  volume = {891},
  pages = {5},
  issn = {0004-637X},
  doi = {10.3847/1538-4357/ab6f03},
  journal = {The Astrophysical Journal}
}





@article{kirsebom2019a,
  title = {Discovery of an {{Exceptionally Strong}} {$\beta$} -{{Decay Transition}} of {{20F}} and {{Implications}} for the {{Fate}} of {{Intermediate}}-{{Mass Stars}}},
  author = {Kirsebom, O. S. and Jones, S. and Str{\"o}mberg, D. F. and {Mart{\'i}nez-Pinedo}, G. and Langanke, K. and R{\"o}pke, F. K. and Brown, B. A. and Eronen, T. and Fynbo, H. O. U. and Hukkanen, M. and Idini, A. and Jokinen, A. and Kankainen, A. and Kostensalo, J. and Moore, I. and M{\"o}ller, H. and Ohlmann, S. T. and Penttil{\"a}, H. and Riisager, K. and {Rinta-Antila}, S. and Srivastava, P. C. and Suhonen, J. and Trzaska, W. H. and {{\'n}yst{\"o}}, J.},
  year = {2019},
  month = dec,
  volume = {123},
  pages = {262701},
  issn = {0031-9007},
  doi = {10.1103/PhysRevLett.123.262701},
  journal = {Physical Review Letters}
}




@article{Mandel:2021abc,
  title = {Rates of {{Compact Object Coalescences}}},
  author = {Mandel, Ilya and Broekgaarden, Floor S.},
  year = {2021},
  month = jul,
  journal = {arXiv e-prints},
  pages = {arXiv:2107.14239},
}





@article{Wang:2020pzc,
  title = {The Formation of Neutron Star Systems through Accretion-Induced Collapse in White-Dwarf Binaries},
  author = {Wang, Bo and Liu, Dongdong},
  year = {2020},
  month = sep,
  journal = {Research in Astronomy and Astrophysics},
  volume = {20},
  pages = {135},
  issn = {1674-4527},
  doi = {10.1088/1674-4527/20/9/135}
}



@article{Ruiter:2018ouw,
  title = {On the Formation of Neutron Stars via Accretion-Induced Collapse in Binaries},
  author = {Ruiter, A. J. and Ferrario, L. and Belczynski, K. and Seitenzahl, I. R. and Crocker, R. M. and Karakas, A. I.},
  year = {2019},
  month = mar,
  journal = {Monthly Notices of the Royal Astronomical Society},
  volume = {484},
  pages = {698--711},
  issn = {0035-8711},
  doi = {10.1093/mnras/stz001}
}



@article{Nomoto:1991abc,
  title = {Conditions for Accretion-Induced Collapse of White Dwarfs},
  author = {Nomoto, Ken'ichi and Kondo, Yoji},
  year = {1991},
  month = jan,
  journal = {The Astrophysical Journal},
  volume = {367},
  pages = {L19},
  issn = {0004-637X, 1538-4357},
  doi = {10.1086/185922}
}







@article{Leung:2019phz,
  title = {Electron-Capture {{Supernovae}} of {{Super}}-{{AGB Stars}}: {{Sensitivity}} on {{Input Physics}}},
  author = {Leung, Shing-Chi and Nomoto, Ken'ichi and Suzuki, Tomoharu},
  year = {2020},
  month = jan,
  volume = {889},
  pages = {34},
  issn = {0004-637X},
  doi = {10.3847/1538-4357/ab5d2f},
  journal = {The Astrophysical Journal}
}





@article{waldman2006a,
  title = {The {{Evolution}} of {{Low Mass Helium Stars}} towards {{Supernova Type I Explosion}}},
  journal = {Ph.D. Thesis},
  author = {Waldman, Roni and Barkat, Zalman},
  month = may,
  year = {2006}
}

@article{Waldman2007,
	doi = {10.1086/519731},
	url = {https://doi.org/10.1086%2F519731},
	year = 2007,
	month = {aug},
	publisher = {{IOP} Publishing},
	volume = {665},
	number = {2},
	pages = {1235--1245},
	author = {R. Waldman and Z. Barkat},
	title = {Carbon-poor Stellar Cores as Supernova Progenitors},
	journal = {The Astrophysical Journal}
}


@article{siess2006,
  title = {Evolution of Massive {{AGB}} Stars. {{I}}. {{Carbon}} Burning Phase},
  volume = {448},
  number = {2},
  journal = {Astronomy and Astrophysics},
  doi = {10.1051/0004-6361:20053043},
  author = {Siess, L.},
  month = mar,
  year = {2006},
  pages = {717}
}

@ARTICLE{dec07:siess,
       author = {{Siess}, L.},
        title = "{Evolution of massive AGB stars. II. model properties at non-solar metallicity and the fate of Super-AGB stars}",
      journal = {A\&A},
     keywords = {stars: evolution, stars: AGB and post-AGB, stars: supernovae: general, stars: white dwarfs, stars:, mass-loss},
         year = 2007,
        month = dec,
       volume = {476},
       number = {2},
        pages = {893-909},
          doi = {10.1051/0004-6361:20078132},
       adsurl = {https://ui.adsabs.harvard.edu/abs/2007A&A...476..893S},
      adsnote = {Provided by the SAO/NASA Astrophysics Data System}
}


@article{Chiotellis:2011jy,
  title = {The Imprint of a Symbiotic Binary Progenitor on the Properties of {{Kepler}}'s Supernova Remnant},
  volume = {537},
  copyright = {\textcopyright{} ESO, 2012},
  issn = {0004-6361, 1432-0746},
  journal = {Astronomy \& Astrophysics},
  doi = {10.1051/0004-6361/201014754},
  author = {Chiotellis, A. and Schure, K. M. and Vink, J.},
  month = jan,
  year = {2012},
  pages = {A139}
}

@ARTICLE{Ritossa:1999ApJ,
       author = {{Ritossa}, Claudio and {Garc{\'\i}a-Berro}, Enrique and {Iben}, Icko, Jr.},
        title = "{On the Evolution of Stars that Form Electron-degenerate Cores Processed by Carbon Burning. V. Shell Convection Sustained by Helium Burning, Transient Neon Burning, Dredge-out, Urca Cooling, and Other Properties of an 11 M$_{solar}$ Population I Model Star}",
      journal = {ApJ},
     keywords = {NUCLEAR REACTIONS, NUCLEOSYNTHESIS, ABUNDANCES, STARS: ABUNDANCES, STARS: EVOLUTION, STARS: INTERIORS, STARS: SUPERGIANTS, STARS: SUPERNOVAE: GENERAL, Nuclear Reactions, Nucleosynthesis, Abundances, Stars: Abundances, stars: evolution, Stars: Interiors, Stars: Supergiants, Stars: Supernovae: General},
         year = 1999,
        month = apr,
       volume = {515},
       number = {1},
        pages = {381-397},
          doi = {10.1086/307017},
       adsurl = {https://ui.adsabs.harvard.edu/abs/1999ApJ...515..381R},
      adsnote = {Provided by the SAO/NASA Astrophysics Data System}
}



@INBOOK{Seitenzahl2017,
       author = {{Seitenzahl}, Ivo Rolf and {Townsley}, Dean M.},
        title = "{Nucleosynthesis in Thermonuclear Supernovae}",
     keywords = {Physics, Astrophysics - Solar and Stellar Astrophysics, Astrophysics - High Energy Astrophysical Phenomena},
    booktitle = {Handbook of Supernovae, ISBN 978-3-319-21845-8. Springer International Publishing AG, 2017, p. 1955},
         year = "2017",
        pages = {1955},
          doi = {10.1007/978-3-319-21846-5_87},
       adsurl = {https://ui.adsabs.harvard.edu/abs/2017hsn..book.1955S},
      adsnote = {Provided by the SAO/NASA Astrophysics Data System}
}


@ARTICLE{kim2019,
       author = {{Kim}, Young-Lo and {Kang}, Yijung and {Lee}, Young-Wook},
        title = "{Environmental Dependence of Type Ia Supernova Luminosities from the YONSEI Supernova Catalog}",
      journal = {arXiv e-prints},
     keywords = {Astrophysics - Cosmology and Nongalactic Astrophysics, Astrophysics - Astrophysics of Galaxies},
         year = "2019",
        month = "Aug",
          eid = {arXiv:1908.10375},
        pages = {arXiv:1908.10375},
archivePrefix = {arXiv},
       eprint = {1908.10375},
 primaryClass = {astro-ph.CO},
       adsurl = {https://ui.adsabs.harvard.edu/abs/2019arXiv190810375K},
      adsnote = {Provided by the SAO/NASA Astrophysics Data System}
}






@ARTICLE{Herwig2000,
   author = {{Herwig}, F.},
    title = "{The evolution of AGB stars with convective overshoot}",
  journal = {Astronomy and Astrophysics},
   eprint = {astro-ph/0007139},
 keywords = {STARS: ABUNDANCES, STARS: INTERIORS, STARS: EVOLUTION, STARS: AGB AND POST-AGB},
     year = 2000,
    month = aug,
   volume = 360,
    pages = {952-968},
   adsurl = {http://adsabs.harvard.edu/abs/2000A%26A...360..952H},
  adsnote = {Provided by the SAO/NASA Astrophysics Data System}
}

@article{Suzuki2016,
	doi = {10.3847/0004-637x/817/2/163},
	year = 2016,
	month = {jan},
	publisher = {American Astronomical Society},
	volume = {817},
	number = {2},
	pages = {163},
	author = {Toshio Suzuki and Hiroshi Toki and Ken'ichi Nomoto},
	title = {{ELECTRON}-{CAPTURE} {AND}$\upbeta$-{DECAY} {RATES} {FORsd}-{SHELL} {NUCLEI} {IN} {STELLAR} {ENVIRONMENTS} {RELEVANT} {TO} {HIGH}-{DENSITY} O{\textendash}{NE}{\textendash}{MG} {CORES}},
	journal = {The Astrophysical Journal}
}

@article{PCR2009,
  title = {Equation of state of classical Coulomb plasma mixtures},
  author = {Potekhin, Alexander Y. and Chabrier, Gilles and Rogers, Forrest J.},
  journal = {Phys. Rev. E},
  volume = {79},
  issue = {1},
  pages = {016411},
  numpages = {6},
  year = {2009},
  month = {Jan},
  publisher = {American Physical Society},
  doi = {10.1103/PhysRevE.79.016411},
  url = {https://link.aps.org/doi/10.1103/PhysRevE.79.016411}
}

@ARTICLE{Itoh2002,
   author = {{Itoh}, N. and {Tomizawa}, N. and {Tamamura}, M. and {Wanajo}, S. and 
	{Nozawa}, S.},
    title = "{Screening Corrections to the Electron Capture Rates in Dense Stars by the Relativistically Degenerate Electron Liquid}",
  journal = {The Astrophysical Journal},
   eprint = {astro-ph/0207132},
 keywords = {Dense Matter, Nuclear Reactions, Nucleosynthesis, Abundances, Stars: Interiors},
     year = 2002,
    month = nov,
   volume = 579,
    pages = {380-385},
      doi = {10.1086/342726},
   adsurl = {http://adsabs.harvard.edu/abs/2002ApJ...579..380I},
  adsnote = {Provided by the SAO/NASA Astrophysics Data System}
}

@ARTICLE{OPAL,
   author = {{Iglesias}, C.~A. and {Rogers}, F.~J.},
    title = "{Updated Opal Opacities}",
  journal = {The Astrophysical Journal},
 keywords = {ATOMIC DATA, ATOMIC PROCESSES, STARS: INTERIORS},
     year = 1996,
    month = jun,
   volume = 464,
    pages = {943},
      doi = {10.1086/177381},
   adsurl = {http://adsabs.harvard.edu/abs/1996ApJ...464..943I},
  adsnote = {Provided by the SAO/NASA Astrophysics Data System}
}

@ARTICLE{MLT_Henyey,
   author = {{Henyey}, L. and {Vardya}, M.~S. and {Bodenheimer}, P.},
    title = "{Studies in Stellar Evolution. III. The Calculation of Model Envelopes.}",
  journal = {The Astrophysical Journal},
     year = 1965,
    month = oct,
   volume = 142,
    pages = {841},
      doi = {10.1086/148357},
   adsurl = {http://adsabs.harvard.edu/abs/1965ApJ...142..841H},
  adsnote = {Provided by the SAO/NASA Astrophysics Data System}
}

@ARTICLE{Paxton2011,
   author = {{Paxton}, B. and {Bildsten}, L. and {Dotter}, A. and {Herwig}, F. and 
	{Lesaffre}, P. and {Timmes}, F.},
    title = "{Modules for Experiments in Stellar Astrophysics (MESA)}",
  journal = {The Astrophysical Journal Supplement Series},
archivePrefix = "arXiv",
   eprint = {1009.1622},
 primaryClass = "astro-ph.SR",
 keywords = {methods: numerical, stars: evolution, stars: general},
     year = 2011,
    month = jan,
   volume = 192,
      eid = {3},
    pages = {3},
      doi = {10.1088/0067-0049/192/1/3},
   adsurl = {http://adsabs.harvard.edu/abs/2011ApJS..192....3P},
  adsnote = {Provided by the SAO/NASA Astrophysics Data System}
}

@ARTICLE{Langer1991,
   author = {{Langer}, N.},
    title = "{Evolution of massive stars in the Large Magellanic Cloud - Models with semiconvection}",
  journal = {Astronomy and Astrophysics},
 keywords = {Hertzsprung-Russell Diagram, Magellanic Clouds, Nuclear Reactions, Stellar Evolution, Stellar Models, Supernova 1987a, Helium, Metallicity, Stellar Cores, Stellar Mass},
     year = 1991,
    month = dec,
   volume = 252,
    pages = {669-688},
   adsurl = {http://adsabs.harvard.edu/abs/1991A%26A...252..669L},
  adsnote = {Provided by the SAO/NASA Astrophysics Data System}
}

@article{Brown_2013,
	doi = {10.1088/0004-637x/768/1/34},
	year = 2013,
	month = {apr},
	publisher = {{IOP} Publishing},
	volume = {768},
	number = {1},
	pages = {34},
	author = {Justin M. Brown and Pascale Garaud and Stephan Stellmach},
	title = {{CHEMICAL} {TRANSPORT} {AND} {SPONTANEOUS} {LAYER} {FORMATION} {IN} {FINGERING} {CONVECTION} {IN} {ASTROPHYSICS}},
	journal = {The Astrophysical Journal}
}

@ARTICLE{Dutch,
       author = {{Glebbeek}, E. and {Gaburov}, E. and {de Mink}, S.~E. and {Pols}, O.~R.
        and {Portegies Zwart}, S.~F.},
        title = "{The evolution of runaway stellar collision products}",
      journal = {Astronomy and Astrophysics},
     keywords = {stars: evolution, stars: formation, stars: mass-loss, galaxies:
        clusters: general, Astrophysics - Solar and Stellar Astrophysics},
         year = 2009,
        month = Apr,
       volume = {497},
        pages = {255-264},
          doi = {10.1051/0004-6361/200810425},
archivePrefix = {arXiv},
       eprint = {0902.1753},
 primaryClass = {astro-ph.SR},
       adsurl = {https://ui.adsabs.harvard.edu/#abs/2009A&A...497..255G},
      adsnote = {Provided by the SAO/NASA Astrophysics Data System}
}

@ARTICLE{Nugis2000,
   author = {{Nugis}, T. and {Lamers}, H.~J.~G.~L.~M.},
    title = "{Mass-loss rates of Wolf-Rayet stars as a function of stellar parameters}",
  journal = {Astronomy and Astrophysics},
 keywords = {STARS: ATMOSPHERES, STARS: MASS-LOSS, STARS: EMISSION-LINE, BE, STARS: EVOLUTION, STARS: WOLF-RAYET},
     year = 2000,
    month = aug,
   volume = 360,
    pages = {227-244},
   adsurl = {http://adsabs.harvard.edu/abs/2000A%26A...360..227N},
  adsnote = {Provided by the SAO/NASA Astrophysics Data System}
}

@ARTICLE{deJager1988,
   author = {{de Jager}, C. and {Nieuwenhuijzen}, H. and {van der Hucht}, K.~A.
	},
    title = "{Mass loss rates in the Hertzsprung-Russell diagram}",
  journal = {Astronomy and Astrophysics Supplement Series},
 keywords = {Hertzsprung-Russell Diagram, O Stars, Planetary Nebulae, Stellar Luminosity, Stellar Mass Ejection, Wolf-Rayet Stars, B Stars, Carbon Stars, Computational Astrophysics, High Temperature, Hot Stars, Stellar Mass},
     year = 1988,
    month = feb,
   volume = 72,
    pages = {259-289},
   adsurl = {http://adsabs.harvard.edu/abs/1988A%26AS...72..259D},
  adsnote = {Provided by the SAO/NASA Astrophysics Data System}
}




@article{Vassiliadis:1993zz,
  title = {Evolution of {{Low}}- and {{Intermediate}}-{{Mass Stars}} to the {{End}} of the {{Asymptotic Giant Branch}} with {{Mass Loss}}},
  author = {Vassiliadis, E. and Wood, P. R.},
  year = {1993},
  month = aug,
  journal = {The Astrophysical Journal},
  volume = {413},
  pages = {641},
  issn = {0004-637X},
  doi = {10.1086/173033},
}


@article{Iben:1997abc,
  title = {On the {{Evolution}} of {{Stars}} That {{Form Electron}}-Degenerate {{Cores Processed}} by {{Carbon Burning}}. {{IV}}. {{Outward Mixing During}} the {{Second Dredge}}-up {{Phase}} and {{Other Properties}} of a 10.5 {{M}}{$\odot$} {{Model Star}}},
  author = {Iben, Jr., Icko and Ritossa, Claudio and {Garc{\'i}a-Berro}, Enrique},
  year = {1997},
  month = nov,
  journal = {The Astrophysical Journal},
  volume = {489},
  pages = {772--790},
  issn = {0004-637X},
  doi = {10.1086/304822},
}

@article{Doherty:2010slg,
    author = {Doherty, C. L. and Siess, L. and Lattanzio, J. C. and Gil-Pons, P.},
    title = "{Super asymptotic giant branch stars. I – Evolution code comparison}",
    journal = {Monthly Notices of the Royal Astronomical Society},
    volume = {401},
    number = {3},
    pages = {1453-1464},
    year = {2010},
    month = {01},
    issn = {0035-8711},
    doi = {10.1111/j.1365-2966.2009.15772.x},
    url = {https://doi.org/10.1111/j.1365-2966.2009.15772.x},
    eprint = {https://academic.oup.com/mnras/article-pdf/401/3/1453/3803855/mnras0401-1453.pdf},
}





@ARTICLE{Siess2009,
       author = {{Siess}, L.},
        title = "{Thermohaline mixing in super-AGB stars}",
      journal = {Astronomy \& Astrophysics},
     keywords = {stars: evolution, stars: supernovae: general, nuclear reactions, nucleosynthesis, abundances, instabilities},
         year = "2009",
        month = "Apr",
       volume = {497},
        pages = {463-468},
          doi = {10.1051/0004-6361/200811362},
       adsurl = {https://ui.adsabs.harvard.edu/\#abs/2009A&A...497..463S},
      adsnote = {Provided by the SAO/NASA Astrophysics Data System}
}

@ARTICLE{Schwab2019b,
       author = {{Schwab}, Josiah and {Garaud}, Pascale},
        title = "{Mixing via Thermocompositional Convection in Hybrid C/O/Ne White Dwarfs}",
      journal = {The Astrophysical Journal},
     keywords = {convection, hydrodynamics, stars: evolution, white dwarfs, Astrophysics - Solar and Stellar Astrophysics, Astrophysics - High Energy Astrophysical Phenomena},
         year = "2019",
        month = "May",
       volume = {876},
       number = {1},
          eid = {10},
        pages = {10},
          doi = {10.3847/1538-4357/ab113f},
archivePrefix = {arXiv},
       eprint = {1810.07193},
 primaryClass = {astro-ph.SR},
       adsurl = {https://ui.adsabs.harvard.edu/abs/2019ApJ...876...10S},
      adsnote = {Provided by the SAO/NASA Astrophysics Data System}
}

@ARTICLE{Dominguez1993,
   author = {{Dominguez}, I. and {Tornambe}, A. and {Isern}, J.},
    title = "{On the Formation of O-Ne White Dwarfs in Metal-rich Close Binary Systems}",
  journal = {The Astrophysical Journal},
 keywords = {STARS: BINARIES: CLOSE, STARS: EVOLUTION, STARS: INTERIORS, STARS: MASS LOSS, STARS: WHITE DWARFS},
     year = 1993,
    month = dec,
   volume = 419,
    pages = {268},
      doi = {10.1086/173480},
   adsurl = {https://ui.adsabs.harvard.edu/abs/1993ApJ...419..268D},
  adsnote = {Provided by the SAO/NASA Astrophysics Data System}
}

@ARTICLE{Garcia1997,
       author = {{Garc{\'\i}a-Berro}, Enrique and {Ritossa}, Claudio and
         {Iben}, Icko, Jr.},
        title = "{On the Evolution of Stars that Form Electron-Degenerate Cores Processed by Carbon Burning. III. The Inward Propagation of a Carbon-Burning Flame and Other Properties of a 9 M$_{☉}$ Model Star}",
      journal = {The Astrophysical Journal},
     keywords = {Nuclear Reactions, Nucleosynthesis, Abundances, Stars: Evolution, Stars: Interiors, Stars: Supergiants, Stars: White Dwarfs},
         year = "1997",
        month = "Aug",
       volume = {485},
       number = {2},
        pages = {765-784},
          doi = {10.1086/304444},
       adsurl = {https://ui.adsabs.harvard.edu/abs/1997ApJ...485..765G},
      adsnote = {Provided by the SAO/NASA Astrophysics Data System}
}

@ARTICLE{Gil-Pons:2003sep,
       author = {{Gil-Pons}, P. and {Garc{\'\i}a-Berro}, E. and {Jos{\'e}}, J. and {Hernanz}, M. and {Truran}, J.~W.},
        title = "{The frequency of occurrence of novae hosting   an ONe white dwarf}",
      journal = {A\&A},
     keywords = {stars: evolution, stars: binaries: general, stars: novae, cataclysmic variables, stars: white dwarfs, Astrophysics},
         year = 2003,
        month = sep,
       volume = {407},
        pages = {1021-1028},
          doi = {10.1051/0004-6361:20030852},
archivePrefix = {arXiv},
       eprint = {astro-ph/0306197},
 primaryClass = {astro-ph},
       adsurl = {https://ui.adsabs.harvard.edu/abs/2003A&A...407.1021G},
      adsnote = {Provided by the SAO/NASA Astrophysics Data System}
}

@article{Gutierrez2005,
	author = {{Guti\'errez, J.} and {Canal, R.} and {Garc\'{\i}a-Berro, E.}},
	title = {The gravitational collapse of ONe electron-degenerate cores 
 and white dwarfs: The role of \$^\backslash{}mathsf\{24\}\$Mg and \$^\backslash{}mathsf\{12\}\$C revisited},
	DOI= "10.1051/0004-6361:20042254",
	url= "https://doi.org/10.1051/0004-6361:20042254",
	journal = {A\&A},
	year = 2005,
	volume = 435,
	number = 1,
	pages = "231-237",
}

@article{Yan_2016,
	doi = {10.1088/1674-4527/16/9/141},
	url = {https://doi.org/10.1088/1674-4527/16/9/141},
	year = 2016,
	month = {aug},
	publisher = {{IOP} Publishing},
	volume = {16},
	number = {9},
	pages = {009},
	author = {Jing-Zhi Yan and Chun-Hua Zhu and Zhao-Jun Wang and Guo-Liang Lü},
	title = {The effects of convective overshooting on naked helium stars},
	journal = {Research in Astronomy and Astrophysics},
	abstract = {Using stellar evolutionary models, we investigate the effects of convective overshooting on naked helium stars. We find that a larger value of overshooting parameter δov results in a larger convective core, which prolongs the lifetimes of naked helium stars on the helium main sequence and leads to higher effective temperatures and luminosities. For naked helium stars with masses lower than about 0.8 M⊙, they hardly become giant stars as a result of a weak burning shell. However, naked helium stars with masses between about 0.8 M⊙ and 1.1 M⊙ can evolve into giant branch phases, and finally become carbon oxygen white dwarfs.}
}

@article{Tsuruta1970,
        author = {{Tsuruta}, S. and {Cameron}, A.G.W.},
        title = "{URCA shells in dense stellar interiors}",
        journal = {Astrophysics and Space Science},
        year = {1970},
        volume = {7},
        pages = {374-406},
        doi = {10.1007/BF00653278}
}

@ARTICLE{Woosley2004,
   author = {{Woosley}, S.~E. and {Wunsch}, S. and {Kuhlen}, M.},
    title = "{Carbon Ignition in Type Ia Supernovae: An Analytic Model}",
  journal = {The Astrophysical Journal},
   eprint = {astro-ph/0307565},
 keywords = {Hydrodynamics, Stars: Supernovae: General},
     year = 2004,
    month = jun,
   volume = 607,
    pages = {921-930},
      doi = {10.1086/383530},
   adsurl = {https://ui.adsabs.harvard.edu/abs/2004ApJ...607..921W},
  adsnote = {Provided by the SAO/NASA Astrophysics Data System}
}

@ARTICLE{Zha2019,
       author = {{Zha}, Shuai and {Leung}, Shing-Chi and {Suzuki}, Toshio and
         {Nomoto}, Ken'ichi},
        title = "{Evolution of ONeMg Core in Super-AGB Stars towards Electron-Capture Supernovae: Effects of Updated Electron-Capture Rate}",
      journal = {arXiv e-prints},
     keywords = {Astrophysics - High Energy Astrophysical Phenomena, Astrophysics - Solar and Stellar Astrophysics},
         year = "2019",
        month = "Jul",
          eid = {arXiv:1907.04184},
        pages = {arXiv:1907.04184},
archivePrefix = {arXiv},
       eprint = {1907.04184},
 primaryClass = {astro-ph.HE},
       adsurl = {https://ui.adsabs.harvard.edu/abs/2019arXiv190704184Z},
      adsnote = {Provided by the SAO/NASA Astrophysics Data System}
}

@article{Brooks2017b,
	doi = {10.3847/1538-4357/aa79a6},
	year = 2017,
	month = {jul},
	publisher = {American Astronomical Society},
	volume = {843},
	number = {2},
	pages = {151},
	author = {Jared Brooks and Josiah Schwab and Lars Bildsten and Eliot Quataert and Bill Paxton},
	title = {Accretion-induced Collapse from Helium Star $\mathplus$ White Dwarf Binaries},
	journal = {The Astrophysical Journal}
}

@Article{Smith2017,
  Author         = {{Smith}, N. and {Gotberg}, Y. and {de Mink}, S.~E.},
  Title          = "{Extreme isolation of WN3/O3 stars and implications
                   for their evolutionary origin as the elusive stripped
                   binaries}",
  Journal        = {ArXiv e-prints},
  adsnote        = {Provided by the SAO/NASA Astrophysics Data System},
  adsurl         = {http://adsabs.harvard.edu/abs/2017arXiv170403516S},
  archiveprefix  = "arXiv",
  eprint         = {1704.03516},
  keywords       = {Astrophysics - Solar and Stellar Astrophysics},
  month          = apr,
  primaryclass   = "astro-ph.SR",
  year           = 2017
}

@Article{Zapartas2017,
  Author         = {{Zapartas}, E. and {de Mink}, S.~E. and {Van Dyk},
                   S.~D. and {Fox}, O.~D. and {Smith}, N. and {Bostroem},
                   K.~A. and {de Koter}, A. and {Filippenko}, A.~V. and
                   {Izzard}, R.~G. and {Kelly}, P.~L. and {Neijssel},
                   C.~J. and {Renzo}, M. and {Ryder}, S.},
  Title          = "{Predicting the Presence of Companions for
                   Stripped-envelope Supernovae: The Case of the
                   Broad-lined Type Ic SN 2002ap}",
  Journal        = {The Astrophysical Journal},
  Volume         = 842,
  Pages          = {125},
  adsnote        = {Provided by the SAO/NASA Astrophysics Data System},
  adsurl         = {http://adsabs.harvard.edu/abs/2017ApJ...842..125Z},
  archiveprefix  = "arXiv",
  doi            = {10.3847/1538-4357/aa7467},
  eid            = {125},
  eprint         = {1705.07898},
  keywords       = {binaries: close, binaries: general, stars: evolution,
                   stars: massive, supernovae: general, supernovae:
                   individual: SN 2002ap},
  month          = jun,
  primaryclass   = "astro-ph.HE",
  year           = 2017
}

@ARTICLE{Stromberg:nl2021,
       author = {{Str{\"o}mberg}, D.~F. and {Mart{\'\i}nez-Pinedo}, G. and {Nowacki}, F.},
        title = "{Forbidden electron capture on $^{24}$Na and $^{27}$Al in degenerate oxygen-neon cores}",
      journal = {arXiv e-prints},
     keywords = {Nuclear Theory, Astrophysics - Solar and Stellar Astrophysics},
         year = 2021,
        month = apr,
          eid = {arXiv:2104.02614},
        pages = {arXiv:2104.02614},
archivePrefix = {arXiv},
       eprint = {2104.02614},
 primaryClass = {nucl-th},
       adsurl = {https://ui.adsabs.harvard.edu/abs/2021arXiv210402614S},
      adsnote = {Provided by the SAO/NASA Astrophysics Data System}
}

@article{Schwab:2019:RCrB,
	doi = {10.3847/1538-4357/ab425d},
	url = {https://doi.org/10.3847/1538-4357/ab425d},
	year = 2019,
	month = {oct},
	publisher = {American Astronomical Society},
	volume = {885},
	number = {1},
	pages = {27},
	author = {Josiah Schwab},
	title = {Evolutionary Models for R Coronae Borealis Stars},
	journal = {The Astrophysical Journal},
}

@ARTICLE{Sanders:2020:mnras,
       author = {{Sander}, Andreas A.~C. and {Vink}, Jorick S.},
        title = "{On the nature of massive helium star winds and Wolf-Rayet-type mass-loss}",
      journal = {Monthly Notices of the Royal Astronomical Society},
     keywords = {stars: atmospheres, stars: evolution, stars: massive, stars: mass-loss, stars: winds, outflows, stars: Wolf-Rayet, Astrophysics - Solar and Stellar Astrophysics, Astrophysics - Astrophysics of Galaxies, Astrophysics - High Energy Astrophysical Phenomena},
         year = 2020,
        month = nov,
       volume = {499},
       number = {1},
        pages = {873-892},
          doi = {10.1093/mnras/staa2712},
archivePrefix = {arXiv},
       eprint = {2009.01849},
 primaryClass = {astro-ph.SR},
       adsurl = {https://ui.adsabs.harvard.edu/abs/2020MNRAS.499..873S},
      adsnote = {Provided by the SAO/NASA Astrophysics Data System}
}

@INBOOK{2017hsnJ,
       author = {{Jha}, Saurabh W.},
        title = "{Type Iax Supernovae}",
     keywords = {Physics, Astrophysics - High Energy Astrophysical Phenomena, Astrophysics - Solar and Stellar Astrophysics},
    booktitle = {Handbook of Supernovae},
         year = 2017,
       editor = {{Alsabti}, Athem W. and {Murdin}, Paul},
        pages = {375},
          doi = {10.1007/978-3-319-21846-5\_42},
       adsurl = {https://ui.adsabs.harvard.edu/abs/2017hsn..book..375J},
      adsnote = {Provided by the SAO/NASA Astrophysics Data System}
}

@ARTICLE{Tauris2017ApJ,
       author = {{Tauris}, T.~M. and {Kramer}, M. and {Freire}, P.~C.~C. and {Wex}, N. and {Janka}, H. -T. and {Langer}, N. and {Podsiadlowski}, Ph. and {Bozzo}, E. and {Chaty}, S. and {Kruckow}, M.~U. and {van den Heuvel}, E.~P.~J. and {Antoniadis}, J. and {Breton}, R.~P. and {Champion}, D.~J.},
        title = "{Formation of Double Neutron Star Systems}",
      journal = {The Astrophysical Journal},
     keywords = {gravitational waves, pulsars: general, stars: mass-loss, stars: neutron, supernovae: general, X-rays: binaries, Astrophysics - High Energy Astrophysical Phenomena, Astrophysics - Solar and Stellar Astrophysics},
         year = 2017,
        month = sep,
       volume = {846},
       number = {2},
          eid = {170},
        pages = {170},
          doi = {10.3847/1538-4357/aa7e89},
archivePrefix = {arXiv},
       eprint = {1706.09438},
 primaryClass = {astro-ph.HE},
       adsurl = {https://ui.adsabs.harvard.edu/abs/2017ApJ...846..170T},
      adsnote = {Provided by the SAO/NASA Astrophysics Data System}
}

@ARTICLE{Beasor2021arx,
       author = {{Beasor}, Emma R. and {Davies}, Ben and {Smith}, Nathan},
        title = "{The impact of realistic red supergiant mass-loss on stellar evolution}",
      journal = {arXiv e-prints},
     keywords = {Astrophysics - Solar and Stellar Astrophysics},
         year = 2021,
        month = sep,
          eid = {arXiv:2109.03239},
        pages = {arXiv:2109.03239},
archivePrefix = {arXiv},
       eprint = {2109.03239},
 primaryClass = {astro-ph.SR},
       adsurl = {https://ui.adsabs.harvard.edu/abs/2021arXiv210903239B},
      adsnote = {Provided by the SAO/NASA Astrophysics Data System}
}

@ARTICLE{Laplace2020aa,
       author = {{Laplace}, E. and {G{\"o}tberg}, Y. and {de Mink}, S.~E. and {Justham}, S. and {Farmer}, R.},
        title = "{The expansion of stripped-envelope stars: Consequences for supernovae and gravitational-wave progenitors}",
      journal = {A\&A},
     keywords = {binaries : close, gravitational waves, stars: massive, stars: evolution, stars: Wolf-Rayet, supernovae: general, Astrophysics - Solar and Stellar Astrophysics, Astrophysics - Astrophysics of Galaxies},
         year = 2020,
        month = may,
       volume = {637},
          eid = {A6},
        pages = {A6},
          doi = {10.1051/0004-6361/201937300},
archivePrefix = {arXiv},
       eprint = {2003.01120},
 primaryClass = {astro-ph.SR},
       adsurl = {https://ui.adsabs.harvard.edu/abs/2020A&A...637A...6L},
      adsnote = {Provided by the SAO/NASA Astrophysics Data System}
}

@ARTICLE{Siess2018leb,
       author = {{Siess}, L. and {Lebreuilly}, U.},
        title = "{Case A and B evolution towards electron capture supernova}",
      journal = {A\&A},
     keywords = {binaries, close, white dwarfs, supernovae: general, Astrophysics - Solar and Stellar Astrophysics},
         year = 2018,
        month = jun,
       volume = {614},
          eid = {A99},
        pages = {A99},
          doi = {10.1051/0004-6361/201732502},
archivePrefix = {arXiv},
       eprint = {1807.04008},
 primaryClass = {astro-ph.SR},
       adsurl = {https://ui.adsabs.harvard.edu/abs/2018A&A...614A..99S},
      adsnote = {Provided by the SAO/NASA Astrophysics Data System}
}


@ARTICLE{HELM:eos,
       author = {{Timmes}, F.~X. and {Swesty}, F. Douglas},
        title = "{The Accuracy, Consistency, and Speed of an Electron-Positron Equation of State Based on Table Interpolation of the Helmholtz Free Energy}",
      journal = {The Astrophysical Journals},
     keywords = {EQUATION OF STATE, HYDRODYNAMICS, METHODS: NUMERICAL, STARS: GENERAL, Equation of State, Hydrodynamics, Methods: Numerical, Stars: General},
         year = 2000,
        month = feb,
       volume = {126},
       number = {2},
        pages = {501-516},
          doi = {10.1086/313304},
       adsurl = {https://ui.adsabs.harvard.edu/abs/2000ApJS..126..501T},
      adsnote = {Provided by the SAO/NASA Astrophysics Data System}
}

@article{PC:eos,
author = {Potekhin, A. Y. and Chabrier, G.},
title = {Thermodynamic Functions of Dense Plasmas: Analytic Approximations for Astrophysical Applications},
journal = {Contributions to Plasma Physics},
volume = {50},
number = {1},
pages = {82-87},
keywords = {Thermodynamics of plasmas, strongly-coupled plasmas, degenerate stars},
doi = {https://doi.org/10.1002/ctpp.201010017},
url = {https://onlinelibrary.wiley.com/doi/abs/10.1002/ctpp.201010017},
eprint = {https://onlinelibrary.wiley.com/doi/pdf/10.1002/ctpp.201010017},
abstract = {Abstract We briefly review analytic approximations of thermodynamic functions of fully ionized nonideal electronion plasmas, applicable in a wide range of plasma parameters, including the domains of nondegenerate and degenerate, nonrelativistic and relativistic electrons, weakly and strongly coupled Coulomb liquids, classical and quantum Coulomb crystals. We present improvements to previously published approximations. Our code for calculation of thermodynamic functions based on the reviewed approximations is made publicly available (© 2010 WILEY-VCH Verlag GmbH \& Co. KGaA, Weinheim)},
year = {2010}
}


%%%% THERMONUCLEAR AND ELECTRON CAPTURE SUPERNOVAE FROM STIRPPED ENVELOPE STARS -- END REFERENCES %%%%%



@conference{Kluyver2016jupyter,
Title = {Jupyter Notebooks -- a publishing format for reproducible computational workflows},
Author = {Thomas Kluyver and Benjamin Ragan-Kelley and Fernando P{\'e}rez and Brian Granger and Matthias Bussonnier and Jonathan Frederic and Kyle Kelley and Jessica Hamrick and Jason Grout and Sylvain Corlay and Paul Ivanov and Dami{\'a}n Avila and Safia Abdalla and Carol Willing},
Booktitle = {Positioning and Power in Academic Publishing: Players, Agents and Agendas},
Editor = {F. Loizides and B. Schmidt},
Organization = {IOS Press},
Pages = {87 - 90},
Year = {2016}
}

@Article{harris2020array:numpy,
 title         = {Array programming with {NumPy}},
 author        = {Charles R. Harris and K. Jarrod Millman and St{\'{e}}fan J.
                 van der Walt and Ralf Gommers and Pauli Virtanen and David
                 Cournapeau and Eric Wieser and Julian Taylor and Sebastian
                 Berg and Nathaniel J. Smith and Robert Kern and Matti Picus
                 and Stephan Hoyer and Marten H. van Kerkwijk and Matthew
                 Brett and Allan Haldane and Jaime Fern{\'{a}}ndez del
                 R{\'{i}}o and Mark Wiebe and Pearu Peterson and Pierre
                 G{\'{e}}rard-Marchant and Kevin Sheppard and Tyler Reddy and
                 Warren Weckesser and Hameer Abbasi and Christoph Gohlke and
                 Travis E. Oliphant},
 year          = {2020},
 month         = sep,
 journal       = {Nature},
 volume        = {585},
 number        = {7825},
 pages         = {357--362},
 doi           = {10.1038/s41586-020-2649-2},
 publisher     = {Springer Science and Business Media {LLC}},
 url           = {https://doi.org/10.1038/s41586-020-2649-2}
}

@Article{Hunter:2007:matplotlib,
  Author    = {Hunter, J. D.},
  Title     = {Matplotlib: A 2D graphics environment},
  Journal   = {Computing in Science \& Engineering},
  Volume    = {9},
  Number    = {3},
  Pages     = {90--95},
  abstract  = {Matplotlib is a 2D graphics package used for Python for
  application development, interactive scripting, and publication-quality
  image generation across user interfaces and operating systems.},
  publisher = {IEEE COMPUTER SOC},
  doi       = {10.1109/MCSE.2007.55},
  year      = 2007
}

@article{pymesareader, title={wmwolf/py_mesa_reader: Interact with MESA Output}, DOI={10.5281/zenodo.826958}, abstractNote={<p>First formal GitHub release.</p> <p>The only recent change was to add a new method, model_with_profile_number to the MesaProfileIndex class that allows finding a model number that corresponds to a given profile number.</p>}, publisher={Zenodo}, author={Bill Wolf and Josiah Schwab}, year={2017}, month={Jul} }

@misc{mesaplot,
  author       = {Robert Farmer},
  title        = {rjfarmer/mesaplot: Release v1.1.0},
  month        = apr,
  year         = 2021,
  publisher    = {Zenodo},
  version      = {v1.1.0},
  doi          = {10.5281/zenodo.4729811},
  url          = {https://doi.org/10.5281/zenodo.4729811}
}

@misc{pablo_marchant_2019_2602098,
  author       = {Pablo Marchant},
  title        = {Kippenhahn plotter for MESA},
  month        = mar,
  year         = 2019,
  publisher    = {Zenodo},
  version      = {1.0.0},
  doi          = {10.5281/zenodo.2602098},
  url          = {https://doi.org/10.5281/zenodo.2602098}
}